@symbol{h,
    name = {\ensuremath{h}},
    description = {HÃ¶he des Deckbleches}
}

