% This file was created with Citavi 6.8.0.0

@book{.2000,
 author = {Aghion, E. and Bronfin, Boris},
 year = {2000},
 title = {Magnesium alloys development towards the 21st century},
 url = {https://www.scientific.net/msf.350-351.19.pdf?casa_token=ntxznjouxomaaaaa:obnyszduioyzhdtzcm--fhehtcsoa4_mfcxd_ibpvwlmscwr2w3oo5lcpwmfdolliej6qgeazq},
 doi = {10.4028/www.scientific.net/MSF.350-351.19},
 file = {Magnesium alloys development 2000.pdf}
}


@book{.2015,
 year = {2015},
 title = {Mechanical Engineers' Handbook},
 publisher = {{American Cancer Society}}
}


@book{.2016,
 year = {2016},
 title = {Dynamic Deformation, Damage and Fracture in Composite Materials and Structures},
 publisher = {Elsevier},
 isbn = {9780081008706}
}


@book{.2016b,
 year = {2016},
 title = {Dynamic Deformation, Damage and Fracture in Composite Materials and Structures},
 publisher = {Elsevier},
 isbn = {9780081008706}
}


@book{.2017,
 year = {2017},
 title = {Hybrid Polymer Composite Materials},
 publisher = {Elsevier},
 isbn = {9780081007914}
}


@book{.2017b,
 year = {2017},
 title = {Hybrid Polymer Composite Materials},
 publisher = {Elsevier},
 isbn = {9780081007877}
}


@proceedings{.2019,
 year = {2019},
 title = {METAL 2019 Conference Proeedings},
 publisher = {{TANGER Ltd}},
 series = {METAL Conference Proeedings}
}


@article{Abibe.2013,
 abstract = {Materials and Design, 46 (2013) 338-347. doi:10.1016/j.matdes.2012.10.043},
 author = {Abibe, A. B. and Amancio-Filho, S. T. and {dos Santos}, J. F. and Hage, E.},
 year = {2013},
 title = {Mechanical and failure behaviour of hybrid polymer--metal staked joints},
 keywords = {Failure mode;Hybrid structure;Moisture content;Polymer--metal joining;Short fibre composite;Staking},
 pages = {338--347},
 volume = {46},
 issn = {02613069},
 journal = {Materials {\&} Design},
 doi = {10.1016/j.matdes.2012.10.043},
 file = {abibe2013.pdf}
}


@incollection{Abibe.2018,
 author = {Abibe, Andr{\'e} B. and Amancio-Filho, Sergio T.},
 title = {Staking of Polymer-Metal Hybrid Structures},
 pages = {249--274},
 publisher = {{John Wiley {\&} Sons, Inc}},
 isbn = {9781119429807},
 editor = {Amancio-Filho, Sergio T. and Blaga, Lucian-Attila},
 booktitle = {Joining of Polymer-Metal Hybrid Structures},
 year = {2018},
 address = {Hoboken, NJ},
 doi = {10.1002/9781119429807.ch9},
 file = {abibe2017.pdf}
}


@article{AbuFarha.2007,
 abstract = {Accurate constitutive modeling of superplastic deformation is critical for successfulsimulation and optimization of superplastic forming. The selection of the forming pressure profiles ingas blow forming of superplastic materials is still based on trial and error due to the limited predictivecapabilities of current models describing superplastic deformation. In general, these models are basedon uniaxial loading condition, assuming isotropic behavior. In this work, we examine the biaxialbulge forming of AZ31 magnesium alloy using pressure profiles derived from different availableanalytical models. The results clearly show the need for more accurate description of superplasticdeformation to improve predictive capabilities. In addition, a pressure profile that is generated usingFE in conjunction with a microstructure-based constitutive model is used and the results indicatebetter ability to predict the height of the bulged sheet.},
 author = {Abu-Farha, Fadi K. and Rawashdeh, N. A. and Khraisheh, Marwan K.},
 year = {2007},
 title = {Superplastic Deformation of Magnesium Alloy AZ31 under Biaxial Loading Condition},
 url = {https://www.scientific.net/msf.551-552.219},
 pages = {219--224},
 volume = {551-552},
 issn = {1662-9752},
 journal = {Superplasticity in Advanced Materials - ICSAM 2006},
 doi = {10.4028/www.scientific.net/MSF.551-552.219}
}


@article{Aghion.2000,
 author = {Aghion, E. and Bronfin, Boris},
 year = {2000},
 title = {Magnesium Alloys Development towards the 21st Century},
 pages = {19--30},
 volume = {350-351},
 journal = {Materials Science Forum},
 doi = {10.4028/www.scientific.net/MSF.350-351.19}
}


@misc{Airbus.05.04.2021,
 author = {Airbus},
 year = {05.04.2021},
 title = {A380, world's largest commercial aircraft, successfully takes to the skies},
 url = {https://www.airbus.com/newsroom/press-releases/en/2005/04/a380-world-s-largest-commercial-aircraft-successfully-takes-to-the-skies.html},
 urldate = {05.04.2021}
}


@article{Alderliesten.2006,
 abstract = {PDF | Airworthiness regulations require for most structural parts of the aircraft a damage tolerance design philosophy. The fatigue and damage tolerance... | Find, read and cite all the research you need on ResearchGate},
 author = {Alderliesten, R. and HOMAN, J.},
 year = {2006},
 title = {Fatigue and damage tolerance issues of Glare in aircraft structures},
 url = {https://www.researchgate.net/publication/248524998_Fatigue_and_damage_tolerance_issues_of_Glare_in_aircraft_structures},
 pages = {1116--1123},
 volume = {28},
 number = {10},
 issn = {0142-1123},
 journal = {International Journal of Fatigue},
 doi = {10.1016/j.ijfatigue.2006.02.015}
}


@article{Alderliesten.2008,
 author = {Alderliesten, R. and Rans, C. and BENEDICTUS, R.},
 year = {2008},
 title = {The applicability of magnesium based Fibre Metal Laminates in aerospace structures},
 keywords = {Fibre Metal Laminates;magnesium},
 pages = {2983--2993},
 volume = {68},
 number = {14},
 issn = {02663538},
 journal = {Composites Science and Technology},
 doi = {10.1016/j.compscitech.2008.06.017},
 file = {96500cc5-0c0c-4dce-8214-70c358704ea7:C\:\\Users\\Admin\\AppData\\Local\\Swiss Academic Software\\Citavi 6\\ProjectCache\\obmocy59qme109ki5zfreliez8m11nse0cr05ns\\Citavi Attachments\\96500cc5-0c0c-4dce-8214-70c358704ea7.pdf:pdf}
}


@article{Alderliesten.2009,
 author = {Alderliesten, R.},
 year = {2009},
 title = {On the Development of Hybrid Material Concepts for Aircraft Structures},
 pages = {25--38},
 volume = {2009},
 number = {3},
 journal = {Recent Patents on Engineering},
 file = {Alderliesten 2009.pdf}
}


@book{AmancioFilho.2018,
 year = {2018},
 title = {Joining of Polymer-Metal Hybrid Structures},
 address = {Hoboken, NJ},
 publisher = {{John Wiley {\&} Sons, Inc}},
 isbn = {9781119429807},
 editor = {Amancio-Filho, Sergio T. and Blaga, Lucian-Attila},
 doi = {10.1002/9781119429807}
}


@article{BaratiDarband.2017,
 abstract = {Journal of Magnesium and Alloys, 5 (2017) 74-132. doi:10.1016/j.jma.2017.02.004},
 author = {{Barati Darband}, Gh. and Aliofkhazraei, M. and Hamghalam, P. and Valizade, N.},
 year = {2017},
 title = {Plasma electrolytic oxidation of magnesium and its alloys: Mechanism, properties and applications},
 keywords = {Biomedical properties;magnesium;Nanocomposite coatings;Plasma electrolytic oxidation;Tribological properties},
 pages = {74--132},
 volume = {5},
 number = {1},
 issn = {22139567},
 journal = {Journal of Magnesium and Alloys},
 doi = {10.1016/j.jma.2017.02.004},
 file = {1-s2.0-S2213956717300075-main.pdf}
}


@book{Baur.2007,
 author = {Baur, Erwin and Brinkmann, Sigrid and Osswald, Tim A. and Schmachtenberg, Ernst and Saechtling, Hansj{\"u}rgen},
 year = {2007},
 title = {Saechtling Kunststoff Taschenbuch: Neu: mit eBook zum Download und Glossary in 6 Sprachen auf CD},
 price = {EUR 59.90, EUR 61.60 (AT)},
 address = {M{\"u}nchen},
 edition = {30. Ausg., {\"u}berarb. {\&} aktualisiert},
 publisher = {Hanser},
 isbn = {3446403523}
}


@article{Behrens.2014,
 abstract = {Procedia Engineering, 81 (2014) 1608-1613. doi:10.1016/j.proeng.2014.10.198},
 author = {Behrens, Bernd-Arno and H{\"u}bner, Sven and Neumann, Andr{\'e}},
 year = {2014},
 title = {Forming Sheets of Metal and Fibre-reinforced Plastics to Hybrid Parts in One Deep Drawing Process},
 keywords = {Deep drawing;Hybrid parts;Sheet metal forming},
 pages = {1608--1613},
 volume = {81},
 issn = {18777058},
 journal = {Procedia Engineering},
 doi = {10.1016/j.proeng.2014.10.198},
 file = {Behrens 2014.pdf}
}


@article{Behrens.2017,
 abstract = {Procedia CIRP, 66 (2017) 113-118. doi:10.1016/j.procir.2017.03.294},
 author = {Behrens, Bernd-Arno and Raatz, Annika and H{\"u}bner, Sven and Bonk, Christian and Bohne, Florian and Bruns, Christopher and Micke-Camuz, Moritz},
 year = {2017},
 title = {Automated Stamp Forming of Continuous Fiber Reinforced Thermoplastics for Complex Shell Geometries},
 keywords = {double curved surface;organic sheet;Stamp forming;wrinkling},
 pages = {113--118},
 volume = {66},
 issn = {22128271},
 journal = {Procedia CIRP},
 doi = {10.1016/j.procir.2017.03.294},
 file = {Behrens, Raatz 2017.pdf}
}


@article{Behrens.2019,
 author = {Bernd-Arno, Behrens and Dilger, Klaus and Lippky, Kristian and Kaempf, Lukas and H{\"u}bner, Sven and Hartwig, Sven and Altun, Yunus and Gabriel, Max and Farahmand, Ehsan and Micke-Camuz, Moritz},
 year = {2019},
 title = {Combined deep drawing and fusion bonding of structural FRP-metal hybrid parts},
 keywords = {Deep drawing;Fusion bonding;Hybrid structures},
 pages = {296--304},
 volume = {29},
 issn = {23519789},
 journal = {Procedia Manufacturing},
 doi = {10.1016/j.promfg.2019.02.141},
 file = {Behrens et al., 2019.pdf}
}


@article{Bellini.2020,
 author = {Bellini, Costanzo and {Di Cocco}, Vittorio and Iacoviello, Francesco and Sorrentino, Luca},
 year = {2020},
 title = {Comparison between long and short beam flexure of a carbon fibre based FML},
 keywords = {CARALL;Fibre metal laminate;Flexural behaviour;micrographic analysis},
 pages = {120--128},
 volume = {26},
 issn = {24523216},
 journal = {Procedia Structural Integrity},
 doi = {10.1016/j.prostr.2020.06.015},
 file = {1-s2.0-S2452321620304182-main.pdf}
}


@article{BerndArno.2017,
 abstract = {Procedia Engineering, 183 (2017) 227-232. doi:10.1016/j.proeng.2017.04.026},
 author = {Bernd-Arno, Behrens and Sven, H{\"u}bner and Nenad, Grbic and Moritz, Micke-Camuz and Tim, Wehrhane and Andr{\'e}, Neumann},
 year = {2017},
 title = {Forming and Joining of Carbon-Fiber-Reinforced Thermoplastics and Sheet Metal in One Step},
 keywords = {Fiber-Reinforced Thermoplastics;Metal;Variotherm Forming},
 pages = {227--232},
 volume = {183},
 issn = {18777058},
 journal = {Procedia Engineering},
 doi = {10.1016/j.proeng.2017.04.026},
 file = {Behrens 2017.pdf}
}


@article{Bettles.2005,
 author = {Bettles, Colleen and Gibson, Mark},
 year = {2005},
 title = {Current wrought magnesium alloys: Strengths and weaknesses},
 pages = {46--49},
 volume = {57},
 number = {5},
 issn = {1047-4838},
 journal = {JOM},
 doi = {10.1007/s11837-005-0095-0},
 file = {f3cd02b8-531a-4823-9aea-8455e4d80445:C\:\\Users\\Admin\\AppData\\Local\\Swiss Academic Software\\Citavi 6\\ProjectCache\\obmocy59qme109ki5zfreliez8m11nse0cr05ns\\Citavi Attachments\\f3cd02b8-531a-4823-9aea-8455e4d80445.pdf:pdf}
}


@book{Beumler.2004,
 author = {Beumler, Thomas},
 year = {2004},
 title = {Flying GLARE: A contribution to aircraft certification issues in strength properties in non-damaged and fatigue damaged GLARE structures},
 address = {Delft},
 publisher = {{Delft University Press}},
 isbn = {90-407-2481-4}
}


@article{Bischof.1993,
 author = {Bischof, C.},
 year = {1993},
 title = {ND-Plasmatechnik im Umfeld der Haftungsproblematik bei Metall-Polymer-Verbunden},
 pages = {33--41},
 volume = {24},
 number = {2},
 issn = {0933-5137},
 journal = {Materialwissenschaft und Werkstofftechnik},
 doi = {10.1002/mawe.19930240208},
 file = {Bischof 1993 - ND-Plasmatechnik im Umfeld der Haftungsproblematik.pdf}
}


@article{Blala.2021,
 abstract = {Composites Communications, 23 (2021) 100590. doi:10.1016/j.coco.2020.100590},
 author = {Blala, Hamza and Lang, Lihui and Li, Lei and Alexandrov, Sergei},
 year = {2021},
 title = {Deep drawing of fiber metal laminates using an innovative material design and manufacturing process},
 keywords = {Curing;Deep drawing;Fiber metal laminate;Wrinkles},
 pages = {100590},
 volume = {23},
 issn = {24522139},
 journal = {Composites Communications},
 doi = {10.1016/j.coco.2020.100590},
 file = {10.1016@j.coco.2020.100590.pdf}
}


@article{Botelho.2006,
 author = {Botelho, Edson Cocchieri and Silva, Rog{\'e}rio Almeida and Pardini, Luiz Cl{\'a}udio and Rezende, Mirabel Cerqueira},
 year = {2006},
 title = {A review on the development and properties of continuous fiber/epoxy/aluminum hybrid composites for aircraft structures},
 url = {http://www.scielo.br/scielo.php?script=sci_arttext&pid=S1516-14392006000300002&lng=en&tlng=en},
 pages = {247--256},
 volume = {9},
 number = {3},
 journal = {Materials Research},
 doi = {10.1590/S1516-14392006000300002},
 file = {Botelho, Silva et al. 2006 - A review on the development.pdf}
}


@article{Brockmann.1969,
 author = {Brockmann, W},
 year = {1969},
 title = {{\"U}ber Haftvorg{\"a}nge beim Kleben},
 pages = {335--342},
 number = {13},
 journal = {Adh{\"a}sion}
}


@article{BurianekDennisSpearing.2003,
 author = {Burianek, D.A and Spearing, S.M},
 year = {2003},
 title = {Modeling of facesheet crack growth in titanium--graphite hybrid laminates. Part II: Experimental results: Part II: Experimental results},
 pages = {799--812},
 volume = {70},
 number = {6},
 journal = {Engineering Fracture Mechanics},
 doi = {10.1016/S0013-7944(02)00087-5}
}


@article{Cai.2006,
 author = {Cai, Qizhou and Wang, Lishi and Wei, Bokang and Liu, Quanxin},
 year = {2006},
 title = {Electrochemical performance of microarc oxidation films formed on AZ91D magnesium alloy in silicate and phosphate electrolytes},
 pages = {3727--3733},
 volume = {200},
 number = {12-13},
 issn = {02578972},
 journal = {Surface and Coatings Technology},
 doi = {10.1016/j.surfcoat.2005.05.039},
 file = {cai2006.pdf}
}


@article{Carrado.2010,
 abstract = {Key Engineering Materials, Vol. 425},
 author = {Carrad{\`o}, Adele and Sokolova, Olga and Ziegmann, Gerhard and Palkowski, Heinz},
 year = {2010},
 title = {Press Joining Rolling Process for Hybrid Systems},
 keywords = {Hybrid;Mechanical and Forming Tests;Press Joining Rolling Process;Sandwich},
 pages = {271--281},
 volume = {425},
 journal = {Key Engineering Materials},
 doi = {10.4028/www.scientific.net/KEM.425.271},
 file = {KEM.425.271.pdf}
}


@article{Chino.2007,
 author = {Chino, Yasumasa and Iwasaki, Hajime and Mabuchi, Mamoru},
 year = {2007},
 title = {Stretch formability of AZ31 Mg alloy sheets at different testing temperatures},
 pages = {90--95},
 volume = {466},
 number = {1-2},
 issn = {09215093},
 journal = {Materials Science and Engineering: A},
 doi = {10.1016/j.msea.2007.02.027}
}


@article{Cicco.2019,
 abstract = {Journal of Magnesium and Alloys, 7 (2019) 227-239. doi:10.1016/j.jma.2019.02.008},
 author = {de Cicco, Davide and Taheri, Farid},
 year = {2019},
 title = {Enhancement of magnesium-composite bond-interface by a simple combined abrasion and coating method},
 keywords = {3D fiber-metal laminates;Bonding enhancement;Magnesium alloy;Surface preparation},
 pages = {227--239},
 volume = {7},
 number = {2},
 issn = {22139567},
 journal = {Journal of Magnesium and Alloys},
 doi = {10.1016/j.jma.2019.02.008},
 file = {1-s2.0-S2213956719300301-main.pdf}
}


@article{Cicco.2019b,
 abstract = {Composite Structures, 229 (2019) 111390. doi:10.1016/j.compstruct.2019.111390},
 author = {de Cicco, Davide and Taheri, Farid},
 year = {2019},
 title = {Performances of magnesium- and steel-based 3D fiber-metal laminates under various loading conditions},
 keywords = {3D fiber-metal laminates;Buckling;High-strength steel;Impact;Magnesium alloy},
 pages = {111390},
 volume = {229},
 issn = {02638223},
 journal = {Composite Structures},
 doi = {10.1016/j.compstruct.2019.111390},
 file = {decicco2019.pdf}
}


@article{Cortes.2005,
 author = {Cort{\'e}s, P. and Cantwell, W. J.},
 year = {2005},
 title = {The fracture properties of a fibre--metal laminate based on magnesium alloy},
 pages = {163--170},
 volume = {37},
 number = {2-3},
 issn = {13598368},
 journal = {Composites Part B: Engineering},
 doi = {10.1016/j.compositesb.2005.06.002},
 file = {Cortes 2006.pdf}
}


@article{Cortes.2005b,
 author = {Cort{\'e}s, P. and Cantwell, W. J.},
 year = {2005},
 title = {The fracture properties of a fibre--metal laminate based on magnesium alloy},
 pages = {163--170},
 volume = {37},
 number = {2-3},
 issn = {13598368},
 journal = {Composites Part B: Engineering},
 doi = {10.1016/j.compositesb.2005.06.002},
 file = {10.1016@j.compositesb.2005.06.002.pdf}
}


@incollection{Das.2016,
 abstract = {Dynamic Deformation, Damage and Fracture in Composite Materials and Structures, (2016) 491--542. doi:10.1016/B978-0-08-100080-9.00017-8},
 author = {Das, R. and Chanda, A. and Brechou, J. and Banerjee, A.},
 title = {Impact behaviour of fibre--metal laminates},
 keywords = {ARALL;Blast loading;CARALL;Debonding;Delamination;Fibre bridging;Fibre--metal laminates;High-velocity impact;Low-velocity impact;Polypropylene},
 pages = {491--542},
 publisher = {Elsevier},
 isbn = {9780081008706},
 booktitle = {Dynamic Deformation, Damage and Fracture in Composite Materials and Structures},
 year = {2016},
 doi = {10.1016/B978-0-08-100080-9.00017-8},
 file = {3-s2.0-B9780081000809000178-main.pdf}
}


@article{dau,
 author = {{Dau, Lauter, Damerow, Homberg, Tr{\"o}ster}},
 title = {Multi-Material Systems for tailored automotive structural components},
 url = {https://www.researchgate.net/publication/221706588_Multi-material_systems_for_tailored_automotive_structural_components},
 volume = {2011},
 file = {Dau 2011.pdf}
}


@proceedings{Deepak.2020,
 year = {2020},
 title = {Innovative Product Design and Intelligent Manufacturing Systems: Select Proceedings of ICIPDIMS 2019},
 address = {Singapore},
 edition = {1st ed. 2020},
 publisher = {{Springer Singapore} and {Imprint: Springer}},
 isbn = {978-981-15-2696-1},
 series = {Lecture Notes in Mechanical Engineering},
 editor = {Deepak, BBVL and Parhi, D. R.K. and Jena, Pankaj C.},
 doi = {10.1007/978-981-15-2696-1}
}


@patent{Delft.1,
 author = {{TU Delft}},
 title = {Laminate of metal sheet material and threads bonded thereto, as well as processes for the manufacture thereof.},
 file = {Patent_Delft.pdf}
}


@article{DiBoon.2020,
 abstract = {Materials Today Communications, Journal Pre-proof, 100830. doi:10.1016/j.mtcomm.2019.100830},
 author = {{Di Boon}, Yi and Joshi, Sunil Chandrakant},
 year = {2020},
 title = {A review of methods for improving interlaminar interfaces and fracture toughness of laminated composites},
 keywords = {Delamination;Fiber metal laminates;Fiber reinforced polymer composites;interlaminar fracture toughness},
 pages = {100830},
 volume = {22},
 issn = {23524928},
 journal = {Materials Today Communications},
 doi = {10.1016/j.mtcomm.2019.100830},
 file = {boon2019.pdf}
}


@misc{DIN.1465,
 year = {07 2009},
 title = {Klebstoffe -- Bestimmung der Zugscherfestigkeit von {\"U}berlappungsklebungen; Deutsche Fassung EN 1465:2009},
 volume = {83.180},
 author = {{Deutsches Institut f{\"u}r Normung}},
 file = {DIN 1465.pdf}
}


@article{Ding.2021,
 abstract = {Fibre metal laminates (FMLs), as a class of hybrid material taking advantages of both metals and composites, have shown great promise as lightweight structural materials in the transportation industry. Accordingly, manufacturing technologies of FMLs are attracting increasing research interests. This review emphasises the developing technologies of forming FML components, with other aspects related to FML materials being briefly introduced. First, we provide an overall review of the historical background and recent developments of FMLs, their classifications, sheet fabrication processes, and their advantages and disadvantages. Then, various forming technologies are introduced in detail, with a particular focus on stamp forming, which is considered to be the most promising approach for the high-volume production of complex-shaped FML components. Furthermore, the deformation modes and defects in forming FMLs are analysed and the challenges encountered in the existing research are thoroughly discussed. Finally, studies on modelling and process simulation of forming FMLs are reviewed and discussed. Based on the comprehensive appraisal of various aspects, current research progress and challenges related to FMLs and their forming technologies are summarised and an outlook of further developments is discussed.},
 author = {Ding, Zerong and Wang, Hongyan and Luo, Jiaming and Li, Nan},
 year = {2021},
 title = {A review on forming technologies of fibre metal laminates},
 keywords = {Deformation modes;Fibre metal laminates (FMLs);Forming technologies;Stamping},
 pages = {110--126},
 volume = {4},
 number = {1},
 issn = {25888404},
 journal = {International Journal of Lightweight Materials and Manufacture},
 doi = {10.1016/j.ijlmm.2020.06.006},
 file = {A review on forming technologies of fibre metal laminates, International Journal of Lightweight Materials and Manufacture.pdf}
}


@article{Dlugosch.2016,
 abstract = {Composite Structures, 152 (2016) 840-849. doi:10.1016/j.compstruct.2016.06.029},
 author = {Dlugosch, M. and Lukaszewicz, D. and Fritsch, J. and Hiermaier, S.},
 year = {2016},
 title = {Experimental investigation of hybrid material systems consisting of advanced composites and sheet metal},
 keywords = {Analytical modeling;Experimental characterization;FRP--metal-hybrid systems},
 pages = {840--849},
 volume = {152},
 issn = {02638223},
 journal = {Composite Structures},
 doi = {10.1016/j.compstruct.2016.06.029},
 file = {Dlugosch 2016.pdf}
}


@book{Doege.2010,
 abstract = {Das Handbuch Umformtechnik erscheint jetzt in der zweiten Auflage. Es ist das neue Standardwerk f{\"u}r Ingenieure, ambitionierte Studenten und Wissenschaftler. Es {\"u}berzeugt durch die kompakte und {\"u}bersichtliche Darstellung grundlegenden Wissens und komplexer Inhalte f{\"u}r die wissenschaftliche Arbeit und die industrielle Praxis. In den Kapiteln Grundlagen der Umformtechnik, Blechumformung, Massivumformung und Umformmaschinen werden ausgehend von den metallografischen, plastomechanischen und tribologischen Grundlagen aktuelle Technologien und Verfahren vorgestellt. Zahlreiche Grafiken illustrieren die Inhalte. Aktuelle Forschungsergebnisse sowie Erfahrungen aus {\"u}ber 50 Jahren universit{\"a}rer Forschung und Lehre machen das Buch zu einem hilfreichen Handwerkszeug f{\"u}r den Umformtechniker. TOC:Einleitung (Entwicklung und wirtschaftliche Bedeutung der Umformtechnik. Einteilung der Umformverfahren.).- Grundlagen der Umformtechnik (Werkstoffverhalten. Bezogene und logarithmische Form{\"a}nderung. Umformgeschwindigkeit. Flie{\ss}kurven und Aufnahmeverfahren. Einf{\"u}hrung in die Berechnung umformtechnischer Prozesse. Einfluss der Reibung auf den Umformprozess).- Blechumformung (Verfahren der Blechumformung. Tiefziehen im Anschlag. Tiefziehen im Weiterschlag. Blechpr{\"u}fverfahren. Ermittlung von lokalen Form{\"a}nderungen. Werkzeugtechnik f{\"u}r das Tiefziehen. Wirkmedienbasierte Umformung. Warmumformung. Sonderverfahren der Blechumformung. Scherschneiden. Biegen. F{\"u}gen. Werkzeugverschlei{\ss} beim Umformen. Blechwerkstoffe).- Massivumformung (Einteilung der Verfahren. Stauchen. Freiformschmieden. Gesenkschmieden. Flie{\ss}pressen. Strangpressen. Massivumformung von Leichtmetallen. Thixoschmieden als Sonderverfahren der Massivumformung. Pulverschmieden).- Umformmaschinen (Einteilung der Umformmaschinen. Arbeitsgebundene Umformmaschinen. Weggebundene Umformmaschinen. Kraftgebundene Umformmaschinen. Industrieller Einsatz von Umformmaschinen. Genauigkeitsgr{\"o}{\ss}en von Umformmaschinen). Literaturverzeichnis am Ende jedes Kapitels.- Sachverzeichnis.



Das Handbuch ist das neue Standardwerk f{\"u}r Ingenieure, ambitionierte Studenten und Wissenschaftler. Es vermittelt grundlegendes Wissen f{\"u}r die wissenschaftliche Arbeit ebenso wie f{\"u}r die industrielle Praxis. Die Autoren stellen in den Kapiteln zu den Grundlagen der Umformtechnik, der Blechumformung, Massivumformung und Umformmaschinen aktuelle Technologien und Verfahren vor. Ber{\"u}cksichtigt werden neue Forschungsergebnisse sowie Erfahrungen aus {\"u}ber 50 Jahren universit{\"a}rer Forschung und Lehre. Der Band enth{\"a}lt zahlreiche Grafiken.},
 author = {Doege, Eckart and Behrens, Bernd-Arno},
 year = {2010},
 title = {Handbuch Umformtechnik: Grundlagen, Technologien, Maschinen},
 url = {http://site.ebrary.com/lib/alltitles/docDetail.action?docID=10382632},
 address = {s.l.},
 edition = {2. Aufl.},
 publisher = {Springer-Verlag},
 isbn = {3642042481},
 series = {VDI-Buch},
 file = {http://gbv.eblib.com/patron/FullRecord.aspx?p=571227},
 file = {https://external.dandelon.com/download/attachments/dandelon/ids/DEAGIF249C338EBBFDBA1C12576C0002C74B4.pdf},
 file = {https://ebookcentral.proquest.com/lib/gbv/detail.action?docID=571227},
 file = {http://external.dandelon.com/download/attachments/dandelon/ids/DEAGIF249C338EBBFDBA1C12576C0002C74B4.pdf}
}


@book{Dornbusch.2015,
 author = {Dornbusch, Michael and Rasing, Rob and Christ, Ulrich},
 year = {2015},
 title = {Epoxidharze: Grundlagen und Anwendungen},
 address = {Hannover},
 publisher = {{Vincentz Network}},
 isbn = {978-3-86630-604-2}
}


@phdthesis{Droeder.1999,
 author = {Dr{\"o}der, K. G.},
 year = {1999},
 title = {Untersuchungen zum Umformen von Feinblechen aus Magnesiumknetlegierungen},
 address = {Hannover},
 school = {{Universit{\"a}t Hannover}},
 type = {Dissertation}
}


@article{ehrenstein.2003,
 author = {Ehrenstein, G W and Ames{\"o}der, S and {Fernandez Diaz}, L and Niemann, H and Deventer, R},
 title = {Werkstoff- und prozessoptimierte Herstellung fl{\"a}chiger Kunststoff-Kunststoff und Kunststoff-Metall-Verbundbauteile},
 url = {https://www5.informatik.uni-erlangen.de/Forschung/Publikationen/2003/Ehrenstein03-WUP.pdf},
 file = {Ehrenstein03-WUP.pdf}
}


@article{En.2001,
 abstract = {Intensive Leichtbaubestrebungen f{\"u}hren zu einem wachsenden Interesse der Automobilindustrie an neuen, leistungsf{\"a}higen und umweltvertr{\"a}glichen Werkstoffalternativen. Hierzu z{\"a}hlt auch Magnesium. Im Gegensatz zu bereits etablierten druckgegossenen Bauteilen sind h{\"o}herduktile Magnesium-Blechprodukte bisher nicht im Einsatz. Gemeinsame Entwicklungsaktivit{\"a}ten der Salzgitter AG und der Volkswagen AG zielen deshalb auf neue Einsatzm{\"o}glichkeiten von Magnesium-Blechen in der Fahrzeugkarosserie. Grundlagenuntersuchungen und die erfolgreiche Mg-Blechherstellung im Pilotma\textgreek{b}stab sowie die Fertigung erster Pressteile unterstreichen das Leichtbaupotenzial des Magnesiumblechs f{\"u}r gro\textgreek{b}fl{\"a}chig d{\"u}nnwandige Fahrzeugkomponenten.},
 author = {En\textgreek{b}, J{\"u}rgen and Evertz, Thomas and Reier, Thorsten and Juchmann, Peter and Schumann, S{\"o}nke and Sebastian, Wolfgang},
 year = {2001},
 title = {Neue Magnesium- Blechprodukte f{\"u}r den Automobilbau},
 url = {https://link.springer.com/article/10.1007/bf03224358},
 pages = {142--145},
 volume = {103},
 number = {2},
 issn = {2192-8800},
 journal = {ATZ - Automobiltechnische Zeitschrift},
 doi = {10.1007/BF03224358}
}


@book{Engelmann.2012,
 abstract = {Introduces the latest innovations in thermoforming materials, processes, and applicationsAdvanced Thermoforming brings readers fully up to date with the latest standards, processes, materials, and applications in the field. From forming to filling to sealing processes, the author explains everything that can now be accomplished using the most advanced thermoforming technologies available. Moreover, readers learn how to fully leverage these technologies in order to design and manufacture products that meet all specifications at minimum cost and maximum efficiency.Emphasizing the application of advanced thermoforming for the production of technical parts and packaging, the book:Guides readers through all facets of development, design, and machine and mold technologyRecommends new technologies that offer higher productivity, better quality, and lower costsDescribes common raw materials used in thermoforming, including how specific materials affect the production processExplains the proper handling of semi-finished products and formed partsSets forth the basic principles of extrusion, an essential process underlying thermoformingIntroduces the latest software techniques to simulate the thermoforming of new productsThroughout the book, readers learn about the latest innovations in thermoforming, from thermoformed automobile body parts to fully automated packaging assembly lines. The author offers valuable content from his interviews with leading industrial thermoformers, sharing insights and tips from their years of hands-on experience with readers.With Advanced Thermoforming as their guide, polymer and plastics engineering professionals and students can now explore and exploit the full range of possibilities that thermoforming technology offers.

{\textquotedbl}Introduces the latest innovations in thermoforming materials, processes, and applicationsAdvanced Thermoforming brings readers fully up to date with the latest standards, processes, materials, and applications in the field. From forming to filling to sealing processes, the author explains everything that can now be accomplished using the most advanced thermoforming technologies available. Moreover, readers learn how to fully leverage these technologies in order to design and manufacture products that meet all specifications at minimum cost and maximum efficiency.{\textquotedbl}--Provided by publisher},
 author = {Engelmann, Sven},
 year = {2012},
 title = {Advanced thermoforming: Methods, machines and materials, applications and automation},
 url = {http://site.ebrary.com/lib/alltitles/docDetail.action?docID=10580305},
 address = {Hoboken, N.J},
 publisher = {{John Wiley {\&} Sons}},
 isbn = {111820705X},
 series = {Wiley series on polymer engineering and technology},
 institution = {{ebrary, Inc}},
 doi = {10.1002/9781118207086}
}


@article{Evans.,
 author = {Evans, George},
 title = {Open Access proceedings Journal of Physics: Conference series},
 keywords = {affordable;fast;flexible;open access;proceedings;template},
 file = {Riemer, Kießling.pdf}
}


@incollection{Faupel.2003,
 abstract = {The increasing application of polymers in microelectronics, particularly their potential use as low dielectric constant materials in IC applications has aroused much interest in diffusion of metals in polymers. Various investigations, involving surface spectroscopy, electron microscopy, ion scattering, direct radiotracer measurements, and Monte Carlo simulations have contributed considerably to our understanding of the diffusion behavior. Metal diffusion in polymers proved to differ markedly from ordinary diffusion because of the sharply contrasting properties of the materials. A strong correlation has been established between the reactivity of a metal and its diffusion behavior. Reactive metals like Cr and Ti form relatively sharp interfaces with polymers. Metals of lower reactivity, on the other hand, diffuse into polymers at elevated temperatures but have a very strong tendency to be immobilized by aggregation. Diffusion into the polymer increases strongly at low deposition rates, where a large fraction of isolated metal atoms is able to diffuse into the polymer before being trapped by other atoms at or near the surface. The extent of diffusion appears to be determined by the early stage of the deposition process. Here, condensation coefficients may deviate markedly from unity, thus keeping the initial metal concentration at the surface very low. No significant diffusion is expected from a continuous metal film as a consequence of the high cohesive energy of the metal, unless chemical interaction involves the formation of metal ions. Metal ions are highly mobile and do not aggregate due to electrostatic repulsion. The model emerging from these observations allows us to predict the salient features of diffusion and interface formation between metals and polymers in general, and particularly with respect to the new low dielectric constant polymers.},
 author = {Faupel, F. and Thran, A. and Kiene, M. and Strunskus, T. and Zaporojtchenko, V. and Behnke, K.},
 title = {Diffusion Of Metals In Polymers And During Metal/Polymer Interface Formation},
 pages = {221--251},
 publisher = {Springer},
 isbn = {978-3-642-55908-2},
 series = {Springer Series in Advanced Microelectronics},
 editor = {Ho, Paul S. and Leu, Jihperng Jim and Lee, Wei William},
 booktitle = {Low Dielectric Constant Materials for IC Applications},
 year = {2003},
 address = {Berlin and Heidelberg},
 doi = {10.1007/978-3-642-55908-2{\textunderscore }8}
}


@article{Flock.b,
 abstract = {W{\"a}rmeleitungsf{\"u}gen hybrider Kunststoff-Metall-Verbindungen},
 author = {Flock, Dustin},
 title = {Diss{\_}Abgabeversion},
 file = {Flock 2012.pdf}
}


@article{Friedrich.1997,
 author = {Friedrich, K. and Hou, M. and Krebs, J.},
 year = {1997},
 title = {Chapter 4 Thermoforming of continuous fibre/thermoplastic composite sheets},
 pages = {91--162},
 volume = {11},
 doi = {10.1016/S0927-0108(97)80006-9}
}


@article{Galvin.2013,
 author = {Galvin, E. and Morshed, M. M. and Cummins, C. and Daniels, S. and Lally, C. and MacDonald, B.},
 year = {2013},
 title = {Surface Modification of Absorbable Magnesium Stents by Reactive Ion Etching},
 pages = {1137--1152},
 volume = {33},
 number = {6},
 issn = {0272-4324},
 journal = {Plasma Chemistry and Plasma Processing},
 doi = {10.1007/s11090-013-9477-1},
 file = {Galvin2013_Article_SurfaceModificationOfAbsorbabl.pdf}
}


@article{Gao.2014,
 abstract = {Applied Surface Science, Accepted manuscript. doi:10.1016/j.apsusc.2014.06.117},
 author = {Gao, Haitao and Zhang, Meng and Yang, Xin and Huang, Ping and Xu, Kewei},
 year = {2014},
 title = {Effect of Na 2 SiO 3 solution concentration of micro-arc oxidation process on lap-shear strength of adhesive-bonded magnesium alloys},
 keywords = {AZ31B magnesium alloy;Bonding strength.;Micro-arc oxidation film},
 pages = {447--452},
 volume = {314},
 issn = {01694332},
 journal = {Applied Surface Science},
 doi = {10.1016/j.apsusc.2014.06.117},
 file = {gao2014.pdf}
}


@book{Garbassi.1998,
 author = {Garbassi, Fabio and Morra, Marco and Occhiello, Ernesto},
 year = {1998},
 title = {Polymer surfaces: From physics to technology},
 address = {Chichester, West Sussex},
 edition = {Rev. and updated ed., reprinted.},
 publisher = {Wiley},
 isbn = {0471971006}
}


@phdthesis{Gou.2004,
 author = {{Ilchat Goubaidoulline}},
 year = {23.01.2004},
 title = {Untersuchung von Grenzfl{\"a}chen-Reaktionen in Magnesium/Polymer-Verbundsystemen mittels Schwingquarz-Mikrowaage und Infrarot-Spektroskopie},
 address = {Clausthal},
 publisher = {Institut f{\"u}r Physikalische Chemie},
 school = {{TU Clausthal}},
 type = {Dissertation},
 file = {97390061x.pdf}
}


@article{Groche.2018,
 abstract = {Int J Mater Form, doi:10.1007/s12289-017-1343-x},
 author = {Groche, Peter and {\"U}belacker, David and Stein, Philipp and Steinbach, Frank and {Erman Tekkaya}, A.},
 year = {2018},
 title = {Experimental and analytical investigation of the force requirements in shear cutting of metal-polymer-metal composites},
 keywords = {Metal-polymer-metal composites;Process monitoring;Shear cutting;Shear cutting force},
 pages = {213--224},
 volume = {11},
 number = {2},
 issn = {1960-6206},
 journal = {International Journal of Material Forming},
 doi = {10.1007/s12289-017-1343-x},
 file = {Groche, Übelacker 2017.pdf}
}


@article{Gromov.1963,
 author = {Gromov, V and Neimann, M B and Vakula, V L and Vojutski, S S},
 year = {1963},
 title = {Isotopic investigations on the breakdown of adhesive polymer-substrate joints},
 pages = {351--356},
 volume = {14},
 number = {7},
 journal = {The International Journal of Applied Radiation and Isotopes}
}


@article{GuocaiWuandJ.M.Yang.,
 author = {{Guocai Wu and J.-M. Yang}},
 title = {The Mechanical Behavior of GLARE Laminates for Aircraft Structures},
 file = {Wu, Yang 2005.pdf}
}


@article{Gupta.2012,
 author = {Gupta, Nitant and Sasikala, S. and Barshilia, Harish C.},
 year = {2012},
 title = {Corrosion Study of Superhydrophobic Magnesium Alloy AZ31 Surfaces Prepared by Wet Chemical Etching Process},
 keywords = {Chemical etching;CORROSION RESISTANCE;Magnesium alloy;SUPERHYDROPHOBIC SURFACE},
 pages = {757--765},
 volume = {4},
 number = {8},
 issn = {19414900},
 journal = {Nanoscience and Nanotechnology Letters},
 doi = {10.1166/nnl.2012.1425},
 file = {gupta2012.pdf}
}


@book{Habenicht.2009,
 author = {Habenicht, Gerd},
 year = {2009},
 title = {Kleben: Grundlagen, Technologien, Anwendungen},
 address = {Berlin, Heidelberg},
 edition = {6., aktualisierte Aufl.},
 publisher = {{Springer Berlin Heidelberg}},
 isbn = {9783540852667},
 series = {VDI-Buch},
 doi = {10.1007/978-3-540-85266-7},
 file = {https://external.dandelon.com/download/attachments/dandelon/ids/DEAGI238D9506F8CCFFC8C125747F0035BCD5.pdf},
 file = {http://external.dandelon.com/download/attachments/dandelon/ids/DEAGI238D9506F8CCFFC8C125747F0035BCD5.pdf},
 file = {Habenicht 2009 - Kleben.pdf}
}


@article{Hadadzadeh.,
 author = {Hadadzadeh and Amir},
 title = {Wells, Hadadzadeh},
 file = {Wells, Hadadzadeh.pdf}
}


@book{Haefer.1987,
 author = {Haefer, Ren{\'e} A.},
 year = {1987},
 title = {Beschichtungen von Oberfl{\"a}chen: Mit 23 Tabellen},
 address = {Berlin},
 volume = {5},
 publisher = {Springer},
 isbn = {3540167234},
 series = {Werkstoff-Forschung und -Technik}
}


@article{Hahn.2016,
 author = {Hahn, Marlon and {Ben Khalifa}, Nooman and Weddeling, Christian and Shabaninejad, Arash},
 year = {2016},
 title = {Springback Behavior of Carbon-Fiber-Reinforced Plastic Laminates With Metal Cover Layers in V-Die Bending},
 pages = {849},
 volume = {138},
 number = {12},
 issn = {1087-1357},
 journal = {Journal of Manufacturing Science and Engineering},
 doi = {10.1115/1.4034627},
 file = {hahn2016.pdf}
}


@article{Hahn.2018,
 author = {Hahn, Marlon and Khalifa, Nooman Ben and Shabaninejad, Arash},
 year = {2018},
 title = {Prediction of Process Forces in Fiber Metal Laminate Stamping},
 pages = {298},
 volume = {140},
 number = {3},
 issn = {1087-1357},
 journal = {Journal of Manufacturing Science and Engineering},
 doi = {10.1115/1.4038369},
 file = {hahn2017.pdf}
}


@article{Hamill.2018,
 author = {Hamill, Lee and Hofmann, Douglas C. and Nutt, Steven},
 year = {2018},
 title = {Galvanic Corrosion and Mechanical Behavior of Fiber Metal Laminates of Metallic Glass and Carbon Fiber Composites},
 pages = {1700711},
 volume = {20},
 number = {2},
 issn = {14381656},
 journal = {Advanced Engineering Materials},
 doi = {10.1002/adem.201700711},
 file = {hamill2017.pdf}
}


@book{Handbuch.1991,
 year = {1991},
 title = {Handbuch der Verbindungstechnik},
 address = {M{\"u}nchen and Wien},
 publisher = {Hanser},
 isbn = {3-446-14609-1}
}


@phdthesis{Hausbeck.2012,
 abstract = {Dissertation},
 author = {{{\copyright} Timo Hausbeck}},
 year = {2012},
 title = {Funktionalisierung einer biodegradierbaren Magnesiumlegierung},
 address = {Erlangen-N{\"u}rnberg},
 publisher = {Naturwissenschaftliche Fakult{\"a}t},
 school = {Friedrich-Alexander-Universit{\"a}t},
 type = {Dissertation},
 file = {TimoHausbeckDissertation.pdf}
}


@incollection{Hazell.2016,
 abstract = {Dynamic Deformation, Damage and Fracture in Composite Materials and Structures, (2016) 337--363. doi:10.1016/B978-0-08-100080-9.00012-9},
 author = {Hazell, P. J.},
 title = {Shock loading of polymer composites},
 keywords = {Blast;Composites;Hugoniot;Protection;Shock wave},
 pages = {337--363},
 publisher = {Elsevier},
 isbn = {9780081008706},
 booktitle = {Dynamic Deformation, Damage and Fracture in Composite Materials and Structures},
 year = {2016},
 doi = {10.1016/B978-0-08-100080-9.00012-9},
 file = {3-s2.0-B9780081000809000129-main.pdf}
}


@book{Ho.2003,
 abstract = {Low dielectric constant materials are an important component of microelectronic devices. This comprehensive book covers the latest low-dielectric-constant (low-k) materials technology, thin film materials characterization, integration and reliability for back-end interconnects and packaging applications in microelectronics. Highly informative contributions from leading academic and industrial laboratories provide comprehensive information about materials technologies for {\textless} 0.18 um process technology. Topics include: Organic dielectric materials, Inorganic dielectric materials, Composite dielectric materials, Metrology and characterization techniques, Integration, Reliability. This volume will be an invaluable resource for professionals, scientists, researchers and graduate students involved in dielectric technology development, materials science, polymer science, and semiconductor devices and processing},
 year = {2003},
 title = {Low Dielectric Constant Materials for IC Applications},
 address = {Berlin and Heidelberg},
 volume = {9},
 publisher = {Springer},
 isbn = {978-3-642-55908-2},
 series = {Springer Series in Advanced Microelectronics},
 editor = {Ho, Paul S. and Leu, Jihperng Jim and Lee, Wei William},
 doi = {10.1007/978-3-642-55908-2}
}


@article{hollemann.1995,
 author = {Hollemann},
 year = {1995},
 title = {On the minimum bend radius of some GLARE 2 and GLARE 3 grades},
 file = {Hollemann 1995.PDF}
}


@article{Hu.2020,
 abstract = {International Journal of Lightweight Materials and Manufacture, 3 (2020) 317-327. doi:10.1016/j.ijlmm.2020.05.001},
 author = {Hu, Yubing and Zhou, Jin and Ji, Fan and Zhang, Yanan and Duan, Yugang and Guan, Zhongwei and Tao, Jie},
 year = {2020},
 title = {Optimization of preparation technology on fibre metal laminates (FMLs) for high-temperature applications},
 keywords = {Fibre Metal Laminates;Polyimide resin;Prepreg;Surface treatment;Titanium},
 pages = {317--327},
 volume = {3},
 number = {4},
 issn = {25888404},
 journal = {International Journal of Lightweight Materials and Manufacture},
 doi = {10.1016/j.ijlmm.2020.05.001},
 file = {Hu 2020.pdf}
}


@article{Huang.1995,
 author = {Huang, You-Min and Leu, Daw-Kwei},
 year = {1995},
 title = {Finite-element simulation of the bending process of steel/polymer/steel laminate sheets},
 pages = {319--337},
 volume = {52},
 number = {2-4},
 issn = {09240136},
 journal = {Journal of Materials Processing Technology},
 doi = {10.1016/0924-0136(94)01617-A},
 file = {1-s2.0-092401369401617A-main.pdf}
}


@article{Itoi.2013b,
 abstract = {Materials Science {\&} Engineering A, 560 + (2012) 216-223. doi:10.1016/j.msea.2012.09.059},
 author = {Itoi, T. and Inazawa, T. and Yamasaki, M. and Kawamura, Y. and Hirohashi, M.},
 year = {2013},
 title = {Microstructure and mechanical properties of MgZnY alloy sheet prepared by hot-rolling},
 keywords = {Hot-rolling;Long period stacking ordered (LPSO) phase;Mechanical properties;Mg alloy},
 pages = {216--223},
 volume = {560},
 issn = {09215093},
 journal = {Materials Science and Engineering: A},
 doi = {10.1016/j.msea.2012.09.059},
 file = {Itoi, Inazawa 2012.pdf}
}


@incollection{Jakubczak.2017,
 abstract = {Hybrid Polymer Composite Materials, (2017) 279-310. doi:10.1016/B978-0-08-100787-7.00012-3},
 author = {Jakubczak, Patryk and Bienia{\'s}, Jaros{\l}aw and Surowska, Barbara},
 title = {Impact resistance and damage of fiber metal laminates},
 keywords = {cracks;damage;Delamination;Fiber metal laminates;Low-velocity impact;NDT},
 pages = {279--309},
 publisher = {Elsevier},
 isbn = {9780081007877},
 booktitle = {Hybrid Polymer Composite Materials},
 year = {2017},
 doi = {10.1016/B978-0-08-100787-7.00012-3},
 file = {3-s2.0-B9780081007877000123-main.pdf}
}


@article{Jeong.2007,
 author = {Jeong, Hyo Tae and Ha, Tae Kwon},
 year = {2007},
 title = {Texture development in a warm rolled AZ31 magnesium alloy},
 pages = {559--561},
 volume = {187-188},
 issn = {09240136},
 journal = {Journal of Materials Processing Technology},
 doi = {10.1016/j.jmatprotec.2006.11.084}
}


@book{Kammer.2000,
 year = {2000},
 title = {Magnesium-Taschenbuch},
 price = {DM 178.00},
 address = {D{\"u}sseldorf},
 edition = {1. Aufl.},
 publisher = {Aluminium-Verl.},
 isbn = {3870172649},
 editor = {Kammer, Catrin}
}


@article{Kazemi.2020,
 abstract = {Composites Part A, 128 (2019) 105679. doi:10.1016/j.compositesa.2019.105679},
 author = {Kazemi, M. E. and Shanmugam, Logesh and Yang, Lei and Yang, Jinglei},
 year = {2020},
 title = {A review on the hybrid titanium composite laminates (HTCLs) with focuses on surface treatments, fabrications, and mechanical properties},
 keywords = {Fiber Metal Laminate (FML);Hybrid Titanium Composite Laminates (HTCL);Mechanical properties;Surface treatments},
 pages = {105679},
 volume = {128},
 issn = {1359835X},
 journal = {Composites Part A: Applied Science and Manufacturing},
 doi = {10.1016/j.compositesa.2019.105679},
 file = {Kazemi 2020.pdf}
}


@inproceedings{Kittner.2019,
 author = {Kittner, Kristina and Ullmann, Madlen and Henseler, Thorsten and Prahl, Ulrich and Kawalla, Rudolf},
 title = {Dynamic recrystallization behaviour of Twin Roll Cast ZAX210 strips during hot deformation},
 pages = {1528--1534},
 publisher = {{TANGER Ltd}},
 series = {METAL Conference Proeedings},
 booktitle = {METAL 2019 Conference Proeedings},
 year = {2019},
 doi = {10.37904/metal.2019.930},
 file = {https://www.confer.cz/metal/2019/930-dynamic-recrystallization-behaviour-of-twin-roll-cast-zax210-strips-during-hot-deformation},
 file = {255776fb-2066-4b41-b76c-ffb250f333c5:C\:\\Users\\Admin\\AppData\\Local\\Swiss Academic Software\\Citavi 6\\ProjectCache\\obmocy59qme109ki5zfreliez8m11nse0cr05ns\\Citavi Attachments\\255776fb-2066-4b41-b76c-ffb250f333c5.pdf:pdf}
}


@article{Kittner.2020,
 abstract = {In the present work, the microstructure and texture of a Mg--6.8Y--2.5Zn--0.4Zr sheet manufactured by twin-roll casting were investigated. The twin-roll cast state consisted of two apparent phases: the -Mg matrix, which was made up of dobulites with an average grain size of approximately 50 m and the LPSO (long-period stacking ordered) phase, which formed network-like precipitates along the grain boundaries. After twin-roll casting, annealing was carried out under conditions of different temperatures ranging from 450 C to 525 C and holding times between 2 h and 24 h. It was found that heat treatment led to the formation of a microstructure in which grains were apparent. Furthermore, it could be observed that high temperatures {\textgreater} 500 C led to changes in the morphology of the LPSO structures. On one hand, the network-like structure dissolved while, on the other hand, both rodlike and blocky LPSO phases precipitated predominantly at the grain boundaries of the -Mg matrix. This process was fostered by high temperatures and long holding times.},
 author = {Kittner, Kristina and Ullmann, Madlen and Arndt, Falko and Kawalla, Rudolf and Prahl, Ulrich},
 year = {2020},
 title = {Microstructure and Texture Evolution during Twin-Roll Casting and Annealing of a Mg--6.8Y2.5Zn--0.4Zr Alloy (WZ73)},
 keywords = {twin-rollcasting WZ73 LPSO texture},
 pages = {513},
 volume = {10},
 number = {6},
 journal = {Crystals},
 doi = {10.3390/cryst10060513},
 file = {1e863707-84f0-4402-a7d9-888d6d4575c4:C\:\\Users\\Admin\\AppData\\Local\\Swiss Academic Software\\Citavi 6\\ProjectCache\\obmocy59qme109ki5zfreliez8m11nse0cr05ns\\Citavi Attachments\\1e863707-84f0-4402-a7d9-888d6d4575c4.pdf:pdf}
}


@article{Kuhtz.2019,
 author = {Kuhtz, M. and Buschner, N. and Henseler, T. and Hornig, A. and Klaerner, M. and Ullmann, M. and J{\"a}ger, H. and Kroll, L. and Kawalla, R.},
 year = {2019},
 title = {An experimental study on the bending response of multi-layered fibre-metal-laminates},
 pages = {2579--2591},
 volume = {53},
 number = {18},
 issn = {0021-9983},
 journal = {Journal of Composite Materials},
 doi = {10.1177/0021998319835595},
 file = {Kuhtz, Buschner et al. 2019 - An experimental study.pdf}
}


@book{Kutz.2017,
 year = {2017},
 title = {Applied plastics engineering handbook: Processing, materials, and applications},
 address = {Amsterdam and Boston and Heidelberg},
 edition = {Second edition},
 publisher = {{Elsevier/William Andrew}},
 isbn = {0323390404},
 series = {Plastics design library PDL handbook series},
 editor = {Kutz, Myer}
}


@article{Lakho.2017,
 author = {Lakho, Dildar Ali and Yao, Donggang and Cho, Kyonghoon and Ishaq, Muhammad and Wang, Youjiang},
 year = {2017},
 title = {Study of the Curing Kinetics toward Development of Fast-Curing Epoxy Resins},
 pages = {161--170},
 volume = {56},
 number = {2},
 issn = {0360-2559},
 journal = {Polymer-Plastics Technology and Engineering},
 doi = {10.1080/03602559.2016.1185623}
}


@misc{LEIKA.2017,
 author = {{Wiedemann, Wetterau, Eckstein, Modler, Kawalla, Khalifa, Schwarzer, W{\"u}rtel, Meschut, Vogt}},
 date = {2017},
 title = {LEIKA Abschlussbericht: Effiziente Mischbauweisen f{\"u}r Leichtbau-Karosserien},
 url = {https://www.researchgate.net/publication/316989236_LEIKA_ Abschlussbericht_FINAL_PROJECT_REPORT_-_in_German},
 file = {Abschlussbericht_LEIKA.pdf}
}


@article{Liu.2013,
 abstract = {Applied Surface Science, 280 (2013) 845-849. doi:10.1016/j.apsusc.2013.05.072},
 author = {Liu, Yan and Yin, Xiaoming and Zhang, Jijia and Wang, Yaming and Han, Zhiwu and Ren, Luquan},
 year = {2013},
 title = {Biomimetic hydrophobic surface fabricated by chemical etching method from hierarchically structured magnesium alloy substrate},
 keywords = {Biomimetic;Chemical etching;Laser processing;Magnesium alloy;Super-hydrophobicity},
 pages = {845--849},
 volume = {280},
 issn = {01694332},
 journal = {Applied Surface Science},
 doi = {10.1016/j.apsusc.2013.05.072},
 file = {1-s2.0-S0169433213009999-main.pdf}
}


@book{Long.2007,
 year = {2007},
 title = {Composites Forming Technologies},
 publisher = {Elsevier},
 isbn = {978-1-84569-033-5},
 editor = {Long}
}


@article{Lu.2015,
 abstract = {Superhydrophobic self-cleaning surfaces are based on the surface micro/nanomorphologies; however, such surfaces are mechanically weak and stop functioning when exposed to oil. We have created an ethanolic suspension of perfluorosilane-coated titanium dioxide nanoparticles that forms a paint that can be sprayed, dipped, or extruded onto both hard and soft materials to create a self-cleaning surface that functions even upon emersion in oil. Commercial adhesives were used to bond the paint to various substrates and promote robustness. These surfaces maintained their water repellency after finger-wipe, knife-scratch, and even 40 abrasion cycles with sandpaper. The formulations developed can be used on clothes, paper, glass, and steel for a myriad of self-cleaning applications.},
 author = {Lu, Yao and Sathasivam, Sanjayan and Song, Jinlong and Crick, Colin R. and Carmalt, Claire J. and Parkin, Ivan P.},
 year = {2015},
 title = {Repellent materials. Robust self-cleaning surfaces that function when exposed to either air or oil},
 pages = {1132--1135},
 volume = {347},
 number = {6226},
 journal = {Science (New York, N.Y.)},
 doi = {10.1126/science.aaa0946},
 file = {http://www.ncbi.nlm.nih.gov/pubmed/25745169}
}


@article{LukeMosse.,
 abstract = {COMPOSITES TECHNOLOGIES FOR 2020 (2004) 852-857},
 author = {Mosse, Luke and Compston, Paul and Kalyanasundaram, Shankar and Cardew-Hall, Michael and Cantwell, Wesley},
 title = {Forming Characteristics of Aluminium and Glass-Reinforced Thermoplastic Fibre-Metal Laminates},
 pages = {852--857},
 doi = {10.1016/B978-1-85573-831-7.50144-9},
 file = {Mosse 2004.pdf}
}


@phdthesis{Mann.1993,
 author = {Mann, D A},
 year = {1993},
 title = {Plasmamodifikation von Kunststoffoberfl{\"a}chen zur Haftfestigkeitssteigerung von Metallschichten},
 address = {Stuttgart},
 school = {{Universit{\"a}t Stuttgart}},
 type = {Dissertation}
}


@book{Mann.1994,
 author = {Mann, Dieter Andreas},
 year = {1994},
 title = {Plasmamodifikation von Kunststoffoberfl{\"a}chen zur Haftfestigkeitssteigerung von Metallschichten: Zugl.: Stuttgart, Univ., Diss},
 address = {Berlin},
 volume = {189},
 publisher = {Springer},
 isbn = {3540577459},
 series = {IPA-IAO Forschung und Praxis},
 file = {http://d-nb.info/941272133/04}
}


@phdthesis{Marissen.1988,
 author = {Marissen, R.},
 year = {06.06.1988},
 title = {Fatigue crack growth in ARALL. A hybrid aluminium-aramid composite material: Crack growth mechanisms and quantitative predictions of the crack growth rates},
 url = {http://resolver.tudelft.nl/uuid:9e27adfd-7ed8-4edf-b0ed-71d5b711f6ac},
 publisher = {Mechanical Maritime and Materials Engineering},
 type = {Dissertation}
}


@book{Mittal.1999,
 abstract = {Cover -- Title Page -- Copyright Page -- Preface -- Contents -- Contributors -- 1: Theories and Mechanisms of Adhesion -- I. INTRODUCTION -- II. MECHANISMS OF ADHESION -- A. Mechanical Interlocking -- B. Electronic Theory (Also Known as Electrical Double Layer, or Electrostatic, or Parallel Plate Capacitor Theory) -- C. Theory of Weak Boundary Layers-Concept of Interphase -- D. Adsorption (or Thermodynamic) Theory (Also Referred to as Wettability or Acid-Base Theory) -- E. Diffusion Theory -- F. Chemical Bonding Theory -- III. CONCLUDING REMARKS -- REFERENCES -- 2: Harnessing Acid-Base Interactions to Improve Adhesion -- I. INTRODUCTION -- II. SCOPE, PROPERTIES, AND EVALUATION OF ACID-BASE INTERACTIONS -- A. Hard and Soft Acids and Bases -- B. Drago's E and C Parameters -- C. Gutmann's Donor and Acceptor Numbers -- D. Bolger's A and B Interaction Parameters -- III. THEORY OF ACID-BASE INTERACTIONS IN ADHESION -- A. The Thermodynamic Work of Adhesion -- B. The 1978 Method of Fowkes and Mostafa -- C. The 1988 Method of van Oss, Good, and Chaudhury -- IV. EXPERIMENTAL ASSESSMENT OF ACID-BASE PROPERTIES OF POLYMERS AND OTHER MATERIALS -- A. Use of the Molecular Probe Technique in XPS -- B. Inverse Gas Chromatography -- V. SOME PRACTICAL APPLICATIONS OF ACID-BASE INTERACTIONS -- A. Measuring Adhesion Forces at the Molecular Scale -- B. Adsorption of a Conventional Flexible Polymer (PMMA) onto a Stiff Conducting Polymer (Polypyrrole -- C. Wettability and Adhesion Properties of Plasma-Treated Polypropylene -- VI. CONCLUSION -- ACKNOWLEDGMENTS -- APPENDIX -- REFERENCES -- 3: Molecular Mechanics-Dynamics Modeling and Adhesion -- I. INTRODUCTION -- II. ALGORITHMS USED IN MOLECULAR MECHANICS -- III. GENERALIZED PARTICLE-SURFACE AND PARTICLEPARTICLE MODELS -- IV. MODELS OF ADHESION BETWEEN WELL-DEFINED POLYMERS AND WELL-DEFINED SURFACES



A. Adhesion, Networks, Work of Adhesion, Viscoelastic Energy Dissipation, and Flexibility -- V. DYNAMIC ADHESION MODELING OF MOLECULARLY WELL-DEFINED SYSTEMS -- VI. CONCLUSIONS -- REFERENCES -- 4: Application of Atomic Force Microscopy in Fundamental Adhesion Studies -- I. INTRODUCTION -- II. AFM METHODOLOGY -- A. Calibration of Spring Constants for Normal (z) Deflection -- B.Calibratlon of Piezoscanner -- C. Loading Force -- D. Colloid Probe Interactions -- E. Frictional Forces -- III. REVIEW -- A. Adhesion Between AFM Tips and Samples -- B. Adhesion Involving Colloid Probes -- IV. FUTURE DIRECTIONS -- ACKNOWLEDGMENTS -- REFERENCES -- 5: Plasma Treatment of Polymers to Improve Adhesion -- I. INTRODUCTION -- A. Background -- B. Low-Pressure Plasma Processes -- II. INTERACTION OF PLASMAS WITH POLYMER SURFACES -- A. Physicochemical Effects of Plasma Treatment -- B. Characterization of Modified Surfaces -- III. ADHESION ENHANCEMENT THROUGH PLASMA TREATMENT -- A. General Considerations -- B. Polymer-Polymer Bonding -- C. Polymer-Matrix Composites -- D. Adhesion of Vacuum-Deposited Films -- IV. PLASMA SOURCES AND INDUSTRIAL PROCESSES -- A. General Considerations -- B. Industrial Plasma Reactors -- V. CONCLUSIONS -- ACKNOWLEDGMENTS -- REFERENCES -- 6: Flame Treatment of Polymers to Improve Adhesion -- I. INTRODUCTION -- II. COMBUSTION PROCESS -- III. INDIVIDUAL STUDIES -- IV. GENERAL DISCUSSION -- V . CONCLUSIONS -- REFERENCES -- 7: Corona Discharge Treatment of Polymers -- I. INTRODUCTION -- II. EXPERIMENTAL RESULTS -- III. WHAT HAPPENS IN CORONA DISCHARGE? -- IV. MORE RECENT TRENDS -- V . CONCLUSION -- REFERENCES -- 8: Laser Surface Treatment to Improve Adhesion -- I. INTRODUCTION -- II. SURFACE PRETREATMENT FOR ADHESIVE BONDING -- A. General -- B. Pretreatment Processes -- III. TYPES OF LASERS -- IV. USES OF EXCIMER LASERS -- V. ADHESIVES AND ADHERENDS



VI. SURFACE TESTING -- A. Analytical Methods -- B. Testing Procedure -- VII. OPTIMAL IRRADIATION PARAMETERS -- VIII. MORPHOLOGY OF TREATED SURFACES -- IX. EFFECTS OF LASER TREATMENT -- X. COMPARISON TO OTHER TREATMENT METHO DS -- XI. MODELS FOR LASER SURFACE TREATMENT -- XII. DISADVANTAGES OF LASER TREATMENT -- XIII. ADVANTAGES OF LASER TREATMENT -- XIV. DURABILITY OF JOINTS AFTER LASER TREATMENT -- XV. CONCLUSIONS -- REFERENCES -- 9: Adhesion Enhancement of Metallic Films to Ceramic Substrates Using UV Lasers and Low-Energy Ions -- I. INTRODUCTION -- II. BOND FORMATION BETWEEN METALLIC FILMS AND INSULATORS -- III. ANALYTICAL TECHNIQUES AND ADHESION MEASUREMENTS -- A. Auger Emission Spectroscopy [33-36] -- B. X-Ray and Ultraviolet Photoelectron Spectroscopies [33-36] -- C. Interface Analysis by Surface-Sensitive Techniques -- D. Adhesion Measurements -- IV. ADHESION ENHANCEMENT BY MODIFICATION OF THE METAL-INSULATOR INTERFACE -- A. Adhesion Enhancement by Ion Bombardment and Implantation After Film Deposition -- B. Adhesion Enhancement by Pulsed-Laser Irradiation After Film Deposition -- C. Mechanisms of Laser-Enhanced Adhesion After Film Deposition -- V. ADHESION ENHANCEMENT BY SURFACE MODIFICATION OF THE SUBSTRATE -- A. Surface Modifications with Low-Energy Ions -- B. Use of Surface Analytical Techniques to Study the Interface Between a Metallic Film and an lon-Bombarded Alumina Substrate -- C . Surface Modifications with UV Lasers -- VI. DISCUSSION AND CONCLUSIONS -- ACKNOWLEDGMENTS -- REFERENCES -- 10: Surface Graft Copolymerization and Grafting of Polymers for Adhesion Improvement -- I. INTRODUCTION -- II. SURFACE GRAFTING AND GRAFT COPOlYMERIZATION -- A. Grafting by Coupling Reaction -- B. Surface Graft Copolymerization -- III. MICROSTRUCTURES AND PROPERTIES OF GRAFT-MODIFIED SURFACES



IV. ADHESION CHARACTERISTICS OF THE GRAFT-MODIFIED SURFACES -- A. Adhesion of Conductive Polymer Coating -- B. Adhesive-Free Adhesion Between Graft-Modified Surfaces -- C . Adhesive-Promoted Adhesion -- V. SUMMARY -- REFERENCES -- 11: Microbial Treatment of Polymer Surfaces to Improve Adhesion -- I. INTRODUCTION -- II. ACTIVITY OF DIFFERENT MICROORGANISMS WITH RESPECT TO POLYMERS -- III. EFFECT OF THE NATURE OF POLYMER ON THE EFFICIENCY OF THE MICROBIAL MODIFICATION -- IV. FACTORS INFLUENCING THE CONTROL OF MICROBIOLOGICAL ACTION -- V. CHANGES IN MICROTOPOGRAPHY AND CHEMICAL STRUCTURE OF POLYMER SURFACES INDUCED BY MICROORGANISMS -- VI. EFFECT OF MICROORGANISM ACTION ON POLYMER STRENGTH -- VII. IMPROVEMENT OF ADHESIONAL ABILITY OF POLYMER SURFACES SUBJECTED TO BIOCHEMICAL TREATMENT -- VIII. CONCLUSION -- REFERENCES -- 12: Silanes on Glass Fibers-Adhesion Promoters for Composite Applications -- I. INTRODUCTION -- II. INTERFACIAL REAGENTS-A TALE OF TWO SILANES -- III. GLASS FIBER SIZING AGENTS-A TALE WITH MANY PARTS -- IV. GLASS SURFACES-COMPLEX SUBSTRATES -- V. SIZING ADSORPTION ON GLASS-BALANCED PERSPECTIVES IN COMPLEX PHENOMENA -- VI. INSTRUMENTAL TECHNIQUES-DIFFERENT APPROACHES PROVIDE CLEARER PERSPECTIVES -- VII. SPECIFIC EXAMPLES-ONE SILANE AND ONE SILOXANE -- VIII. GLASS SIZING AGENTS -- REFERENCES -- Index},
 author = {Mittal, K. L. and Pizzi, A.},
 year = {1999},
 title = {Adhesion Promotion Techniques: Technological Applications},
 url = {https://ebookcentral.proquest.com/lib/gbv/detail.action?docID=5379079},
 address = {Boca Raton},
 volume = {v.Vol. 14},
 publisher = {{Chapman and Hall/CRC}},
 isbn = {9781482289879},
 series = {Materials Engineering Ser}
}


@phdthesis{Moneke,
 author = {Moneke, Martin},
 year = {2001},
 title = {Die Kristallisation von verst{\"a}rkten Thermoplasten w{\"a}hrend der schnellen Abk{\"u}hlung und unter Druck},
 url = {https://tuprints.ulb.tu-darmstadt.de/155/1/DissMoneke.pdf},
 address = {Darmstadt},
 urldate = {03.03.2021},
 school = {{Technische Universit{\"a}t Darmstadt}},
 file = {DissMoneke.pdf}
}


@article{Mosse.2005,
 author = {Mosse, Luke and Compston, Paul and Cantwell, Wesley J. and Cardew-Hall, Michael and Kalyanasundaram, Shankar},
 year = {2005},
 title = {The effect of process temperature on the formability of polypropylene based fibre--metal laminates},
 pages = {1158--1166},
 volume = {36},
 number = {8},
 issn = {1359835X},
 journal = {Composites Part A: Applied Science and Manufacturing},
 doi = {10.1016/j.compositesa.2005.01.009},
 file = {Mosse 2005.pdf}
}


@article{Mosse.2005b,
 author = {Mosse, L. and Cantwell, Wesley J. and Cardew-Hall, M. J. and Compston, Paul and Kalyanasundaram, Shankar},
 year = {2005},
 title = {A Study of the Effect of Process Variables on the Stamp Forming of Rectangular Cups Using Fibre-Metal Laminate Systems},
 pages = {649--656},
 volume = {6-8},
 journal = {Advanced Materials Research},
 doi = {10.4028/www.scientific.net/AMR.6-8.649},
 file = {mosse2005.pdf}
}


@phdthesis{mosse.2006,
 author = {Mosse, Luke},
 year = {2006},
 title = {Stamp forming of fibre-metal laminates},
 url = {https://openresearch-repository.anu.edu.au/handle/1885/151596},
 address = {Canberra},
 publisher = {Department of Engineering},
 school = {{Australian National University}},
 doi = {10.25911/5d5153fc3f460},
 type = {Dissertation}
}


@article{Mosse.2006b,
 author = {Mosse, Luke and Compston, Paul and Cantwell, Wesley J. and Cardew-Hall, Michael and Kalyanasundaram, Shankar},
 year = {2006},
 title = {Stamp forming of polypropylene based fibre--metal laminates: The effect of process variables on formability},
 pages = {163--168},
 volume = {172},
 number = {2},
 issn = {09240136},
 journal = {Journal of Materials Processing Technology},
 doi = {10.1016/j.jmatprotec.2005.09.002},
 file = {mosse2006.pdf}
}


@article{Mousa.2015,
 abstract = {Journal of Materials Processing Tech., Accepted manuscript. doi:10.1016/j.jmatprotec.2015.02.040},
 author = {Mousa, Saeed and Kim, Gap-Yong},
 year = {2015},
 title = {Experimental study on warm roll bonding of metal/polymer/metal multilayer composites},
 keywords = {Composite;peel strength;Roll bonding;Sandwich},
 pages = {84--90},
 volume = {222},
 issn = {09240136},
 journal = {Journal of Materials Processing Technology},
 doi = {10.1016/j.jmatprotec.2015.02.040},
 file = {mousa2015.pdf}
}


@article{Mousa.2017,
 abstract = {Journal of Materials Processing Tech., 239 (2017) 133-139. doi:10.1016/j.jmatprotec.2016.08.017},
 author = {Mousa, Saeed and Kim, Gap-Yong},
 year = {2017},
 title = {A direct adhesion of metal-polymer-metal sandwich composites by warm roll bonding},
 keywords = {Composite;Laminate;Metal-polymer;Roll bonding;Sandwich;Small punch test},
 pages = {133--139},
 volume = {239},
 issn = {09240136},
 journal = {Journal of Materials Processing Technology},
 doi = {10.1016/j.jmatprotec.2016.08.017},
 file = {Mousa 2017.pdf}
}


@article{Mu.2012,
 abstract = {Acta Materialia, 60 (2012) 2043-2053. doi:10.1016/j.actamat.2012.01.014},
 author = {Mu, Sijia and Jonas, John J. and Gottstein, G{\"u}nter},
 year = {2012},
 title = {Variant selection of primary, secondary and tertiary twins in a deformed Mg alloy},
 keywords = {Accommodation strain;Mg alloy;Schmid factor;Twin variant selection},
 pages = {2043--2053},
 volume = {60},
 number = {5},
 issn = {13596454},
 journal = {Acta Materialia},
 doi = {10.1016/j.actamat.2012.01.014},
 file = {Mu, Jonas 2012.pdf}
}


@article{Murtagh.1997,
 author = {Murtagh, Adrian M. and Mallon, Patrick J.},
 title = {Chapter 5 Characterisation of shearing and frictional behaviour during sheet forming},
 pages = {163--216},
 volume = {1997},
 doi = {10.1016/S0927-0108(97)80007-0},
 file = {Murtagh 1997.pdf}
}


@article{NarayanaMurty.2015,
 author = {{Narayana Murty}, S. V. S. and Nayan, Niraj and Madhavan, R. and Sharma, S. C. and George, K. M. and Suwas, Satyam},
 year = {2015},
 title = {Analysis of Microstructure and Texture Evolution in Mg-3Al-1Zn Alloy Processed Through Groove Rolling},
 pages = {2091--2098},
 volume = {24},
 number = {5},
 issn = {1059-9495},
 journal = {Journal of Materials Engineering and Performance},
 doi = {10.1007/s11665-015-1459-4}
}


@article{Neh.2015,
 abstract = {Materials Today: Proceedings , 2 (2015) S45-S52. doi:10.1016/j.matpr.2015.05.013},
 author = {Neh, K. and Ullmann, M. and Oswald, M. and Berge, F. and Kawalla, R.},
 year = {2015},
 title = {Twin Roll Casting and Strip Rolling of Several Magnesium Alloys},
 pages = {S45-S52},
 volume = {2},
 issn = {22147853},
 journal = {Materials Today: Proceedings},
 doi = {10.1016/j.matpr.2015.05.013},
 file = {Neh, Ullmann 2015.pdf}
}


@phdthesis{Nikolova.2005,
 author = {Nikolova, D.},
 year = {2005},
 title = {Charakterisierung und Modifizierung der Grenzfl{\"a}chen im Polymer-Metall-Verbund},
 address = {Halle-Wittenberg},
 school = {{Martin-Luther-Universit{\"a}t Halle-Wittenberg}},
 type = {Dissertation}
}


@article{Ostapiuk.2021,
 abstract = {Composite Structures, 255 (2021) 113042. doi:10.1016/j.compstruct.2020.113042},
 author = {Ostapiuk, Monika and Loureiro, M{\'o}nica V. and Bienia{\'s}, Jaros{\l}aw and Marques, Ana C.},
 year = {2021},
 title = {Interlaminar shear strength study of Mg and carbon fiber-based hybrid laminates with self-healing microcapsules},
 keywords = {CFRP;ILSS;magnesium;Microcapsules},
 pages = {113042},
 volume = {255},
 issn = {02638223},
 journal = {Composite Structures},
 doi = {10.1016/j.compstruct.2020.113042},
 file = {1-s2.0-S0263822320329688-main.pdf}
}


@article{Pan.2016,
 abstract = {Composite Interfaces, 2016. doi:10.1080/09276440.2016.1144911},
 author = {Pan, Yingcai and Wu, Guoqing and Cheng, Xu and Zhang, Zongke and Li, Maoyuan and Ji, Sudong and Huang, Zheng},
 year = {2016},
 title = {Mode I and Mode II interlaminar fracture toughness of CFRP/magnesium alloys hybrid laminates},
 keywords = {Fiber metal laminates;fractography;Fracture toughness;Mode I;Mode II},
 pages = {453--465},
 volume = {23},
 number = {5},
 issn = {0927-6440},
 journal = {Composite Interfaces},
 doi = {10.1080/09276440.2016.1144911},
 file = {Mode I and Mode II interlaminar fracture toughness of CFRP magnesium alloys hybrid laminates.pdf}
}


@article{Pan.2017,
 abstract = {Evaluation and Program Planning, Accepted manuscript. doi:10.1016/j.corsci.2016.11.022},
 author = {Pan, Yingcai and Wu, Guoqing and Huang, Zheng and Wu, Xuan and Liu, Yuhan and Ye, Hengjian},
 year = {2017},
 title = {Corrosion behaviour of carbon fibre reinforced polymer/magnesium alloy hybrid laminates},
 keywords = {A. Magnesium;A. Polymer;B. SEM;B. Weight loss;C. Oxide coatings},
 pages = {152--158},
 volume = {115},
 issn = {0010938X},
 journal = {Corrosion Science},
 doi = {10.1016/j.corsci.2016.11.022},
 file = {pan2016.pdf}
}


@article{Pan.2017b,
 author = {Pan, Yingcai and Wu, Guoqing and Huang, Zheng and Li, Maoyuan and Ji, Sudong and Zhang, Zongke},
 year = {2017},
 title = {Effects of surface pre-treatments on Mode I and Mode II interlaminar strength of CFRP/Mg laminates},
 keywords = {Fiber metal laminates;Laser ablation;Magnesium alloy;Micro-arc oxidation;peel strength;Shear strength},
 pages = {309--317},
 volume = {319},
 issn = {02578972},
 journal = {Surface and Coatings Technology},
 doi = {10.1016/j.surfcoat.2017.04.010},
 file = {pan2017(1).pdf}
}


@article{Pan.2017c,
 abstract = {Materials Letters, 207 (2017) 4-7. doi:10.1016/j.matlet.2017.06.105},
 author = {Pan, Yingcai and Wu, Guoqing and Huang, Zheng and Zhang, Zongke and Ye, Hengjian and Li, Maoyuan and Ji, Sudong},
 year = {2017},
 title = {Improvement in interlaminar strength and galvanic corrosion resistance of CFRP/Mg laminates by laser ablation},
 keywords = {Adhesion;Corrosion;Laminates;Laser processing;Surface},
 pages = {4--7},
 volume = {207},
 issn = {0167577X},
 journal = {Materials Letters},
 doi = {10.1016/j.matlet.2017.06.105},
 file = {pan2017(2).pdf}
}


@article{Pan.2017d,
 abstract = {International Journal of Adhesion and Adhesives, 79 (2017) 1-7. doi:10.1016/j.ijadhadh.2017.08.004},
 author = {Pan, Yingcai and Wu, Guoqing and Huang, Zheng and Li, Maoyuan and Ji, Sudong and Zhang, Zongke},
 year = {2017},
 title = {Effect of surface roughness on interlaminar peel and shear strength of CFRP/Mg laminates},
 keywords = {B. Surface roughness;C. Lap-shear;C. Peel;D. Adhesion by mechanical interlocking;Fiber metal laminates},
 pages = {1--7},
 volume = {79},
 issn = {01437496},
 journal = {International Journal of Adhesion and Adhesives},
 doi = {10.1016/j.ijadhadh.2017.08.004},
 file = {pan2017.pdf}
}


@article{Pan.2018,
 abstract = {Composites Part A, Accepted manuscript. doi:10.1016/j.compositesa.2017.11.009},
 author = {Pan, Yingcai and Wu, Xuan and Huang, Zheng and Wu, Guoqing and Sun, Siqiang and Ye, Hengjian and Zhang, Zongke},
 year = {2018},
 title = {A new approach to enhancing interlaminar strength and galvanic corrosion resistance of CFRP/Mg laminates},
 keywords = {A. Laminates;B. Corrosion;B. Debonding;E. Surface treatments},
 pages = {78--86},
 volume = {105},
 issn = {1359835X},
 journal = {Composites Part A: Applied Science and Manufacturing},
 doi = {10.1016/j.compositesa.2017.11.009},
 file = {pan2018.pdf}
}


@article{Parnanen.2012,
 abstract = {COMPOSITES PART A, 43 (2012) 1578-1586. doi:10.1016/j.compositesa.2012.04.008},
 author = {P{\"a}rn{\"a}nen, T. and Alderliesten, R. and Rans, C. and Brander, T. and Saarela, O.},
 year = {2012},
 title = {Applicability of AZ31B-H24 magnesium in Fibre Metal Laminates -- An experimental impact research},
 keywords = {A. Hybrid;B. Fracture;B. Impact behaviour;D. Mechanical testing},
 pages = {1578--1586},
 volume = {43},
 number = {9},
 issn = {1359835X},
 journal = {Composites Part A: Applied Science and Manufacturing},
 doi = {10.1016/j.compositesa.2012.04.008},
 file = {Pärnänen 2012.pdf}
}


@article{Periyasamy.2018,
 abstract = {Journal of Industrial Textiles 2018.47:2029-2049},
 author = {Periyasamy, Siddhan and G, Krishna Prasad and ASM, Raja and Patil, Prashant G.},
 year = {2018},
 title = {Submicron surface roughening of aliphatic polyamide 6,6 fabric through low temperature plasma and its effect on interfacial bonding in rubber composite},
 keywords = {interfacial bonding;peel strength;plasma;polyamide;rubber composite;Submicron roughening},
 pages = {2029--2049},
 volume = {47},
 number = {8},
 issn = {1528-0837},
 journal = {Journal of Industrial Textiles},
 doi = {10.1177/1528083717720202},
 file = {Periyasamy, Prasad 2018.pdf}
}


@book{Pohl.2000,
 author = {Pohl, Christian},
 year = {2000},
 title = {Umformen endlosfaserverst{\"a}rkter, thermoplastischer Kunststoffe durch Differenzdruck bei nicht-isothermer Proze{\ss}f{\"u}hrung: Forming of continuous fiber reinforced thermoplastics using differential pressure in a non-isothermal process: Zugl.: Aachen, Techn. Hochsch., Diss., 1999},
 address = {Aachen},
 edition = {1. Aufl.},
 volume = {101},
 publisher = {{Verl. Mainz}},
 isbn = {3896534408},
 series = {IKV-Berichte aus der Kunststoffverarbeitung}
}


@article{Reh.1973,
 author = {Reh, B. and H{\"o}tzsch, G. and G{\"u}nther, F.},
 year = {1973},
 title = {Einflu{\ss} der mechanischen Zwillingsbildung auf die plastische Verformung von Magnesium-und Magnesium-Cadmium-Vielkristallen},
 pages = {337--354},
 volume = {8},
 number = {1-3},
 issn = {00234753},
 journal = {Kristall und Technik},
 doi = {10.1002/crat.19730080135},
 file = {Reh, Hötzsch et al. 1973 - Einfluß der mechanischen Zwillingsbildung.pdf}
}


@article{ReyesV..2000,
 author = {{Reyes V.}, G. and Cantwell, W. J.},
 year = {2000},
 title = {The mechanical properties of fibre-metal laminates based on glass fibre reinforced polypropylene},
 pages = {1085--1094},
 volume = {60},
 number = {7},
 issn = {02663538},
 journal = {Composites Science and Technology},
 doi = {10.1016/S0266-3538(00)00002-6},
 file = {1-s2.0-S0266353800000026-main.pdf}
}


@proceedings{ridder,
 year = {2003},
 title = {Hybridspritzgie{\ss}en - M{\"o}glichkeiten und Grenzen},
 url = {http://alt.3-pi.de/dateien/Hybridspritzgie%DFen.pdf},
 address = {Bamberg},
 publisher = {Meisenbach},
 editor = {{Geiger Manfred, Ehrenstein Gottfried W.}},
 file = {Hybridspritzgie%DFen.pdf}
}


@incollection{RobertE.Brown.2015,
 abstract = {Abstract Magnesium, with a density of 1.74 g/cm3, is the lightest of all structural metals. There are two major methods of producing magnesium, electrolytic and thermal reduction. The main electrol...},
 author = {{Robert E. Brown}},
 title = {Magnesium and Its Alloys},
 pages = {1--9},
 publisher = {{American Cancer Society}},
 booktitle = {Mechanical Engineers' Handbook},
 year = {2015},
 doi = {10.1002/9781118985960.meh107},
 file = {https://onlinelibrary.wiley.com/doi/abs/10.1002/9781118985960.meh107}
}


@inproceedings{Rout.2020,
 abstract = {Demand to design engineering components with lightweight materials is a big challenge for the twenty-first-century engineer. Many researchers of the world have been trying hard to innovate new lightweight and energy-efficient alloy materials to replace steel and other metallic alloys. So far magnesium alloys are found fit for the purpose. But its alloying process is a little bit tough as molten magnesium is more prone to oxidation. Therefore, to improve its corrosion resistance and mechanical properties, researchers have been trying to establish new alloy systems in order to fulfill requirements from different industries especially automobile, aerospace, and health sector. Magnesium melting techniques, different Mg--alloy systems, and effect of alloying elements on the alloy have been discussed in this paper.},
 author = {Rout, Pradipta Kumar and Jena, Pankaj C. and Arka, Girija Nandan and Surekha, B.},
 title = {Review on Magnesium Alloy Processing},
 pages = {421--428},
 publisher = {{Springer Singapore} and {Imprint: Springer}},
 isbn = {978-981-15-2696-1},
 series = {Lecture Notes in Mechanical Engineering},
 editor = {Deepak, BBVL and Parhi, D. R.K. and Jena, Pankaj C.},
 booktitle = {Innovative Product Design and Intelligent Manufacturing Systems},
 year = {2020},
 address = {Singapore},
 file = {7ad37425-a185-409b-8af1-70fcab3df19d:C\:\\Users\\Admin\\AppData\\Local\\Swiss Academic Software\\Citavi 6\\ProjectCache\\obmocy59qme109ki5zfreliez8m11nse0cr05ns\\Citavi Attachments\\7ad37425-a185-409b-8af1-70fcab3df19d.pdf:pdf}
}


@article{Ruokolainen.2008,
 author = {Ruokolainen, Robert B. and Sigler, David R.},
 year = {2008},
 title = {The Effect of Adhesion and Tensile Properties on the Formability of Laminated Steels},
 pages = {330--339},
 volume = {17},
 number = {3},
 issn = {1059-9495},
 journal = {Journal of Materials Engineering and Performance},
 doi = {10.1007/s11665-008-9207-7},
 file = {Ruokolainen-Sigler2008_Article_TheEffectOfAdhesionAndTensileP.pdf}
}


@article{Russian.2021,
 abstract = {Composite Structures, 255 (2021) 113048. doi:10.1016/j.compstruct.2020.113048},
 author = {Russian, Oswaldo and Khan, Sarah and Belarbi, Abdeldjelil and Dawood, Mina},
 year = {2021},
 title = {Effect of surface preparation technique on bond behavior of CFRP-steel double-lap joints: Experimental and numerical studies},
 keywords = {Double-lap joints;Interfacial failure;Interfacial modeling;Mixed-mode failure;Surface preparation},
 pages = {113048},
 volume = {255},
 issn = {02638223},
 journal = {Composite Structures},
 doi = {10.1016/j.compstruct.2020.113048},
 file = {1-s2.0-S0263822320329743-main.pdf}
}


@article{Sauer.2016,
 abstract = {Composites Science and Technology, 129 (2016) 166-172. doi:10.1016/j.compscitech.2016.04.030},
 author = {Sauer, Bryan B. and Kampert, William G. and Wakeman, Martyn D. and Yuan, Shengmei},
 year = {2016},
 title = {Screening method for the onset of bonding of molten polyamide resin layers to continuous fiber reinforced laminate sheets},
 keywords = {Adhesion;Blends;Bonding;DSC;Fiber;Laminates;Melting;polyamide;Thermoplastic},
 pages = {166--172},
 volume = {129},
 issn = {02663538},
 journal = {Composites Science and Technology},
 doi = {10.1016/j.compscitech.2016.04.030},
 file = {Sauer, Kampert 2015.pdf}
}


@phdthesis{Schmidt.2011,
 author = {Schmidt, C.},
 year = {2011},
 title = {Textur- und Gef{\"u}geentwicklung bei der Umformung von Magnesium- Gie{\ss}walzband},
 address = {Freiberg},
 school = {{TU Bergakademie Freiberg}},
 type = {Dissertation}
}


@phdthesis{Schroer.1994,
 author = {Schr{\"o}er, D.},
 year = {1994},
 title = {Chemie der Phasengrenze Metall-Polymer : Untersuchungen zur Vorbehandlung und Plasma- unterst{\"u}tzten Metallisierung von Hochleistungspolymeren},
 address = {M{\"u}nster},
 school = {{Westf{\"a}lische Wilhelms-Universit{\"a}t M{\"u}nster}},
 type = {Dissertation}
}


@article{SEIDLER.1971,
 author = {SEIDLER, P. O.},
 year = {1971},
 title = {Mechanismus der Autoadh{\"a}sion von makromolekularen Filmen},
 url = {https://www.docme.su/doc/1975147/mechanismus-der-autoadhsion-von-makromolekularen-filmen.},
 pages = {931--932},
 volume = {83},
 number = {22},
 journal = {Angewandte Chemie}
}


@book{Singh.2016,
 year = {2016},
 title = {Magnesium technology 2016: Proceedings of a symposium sponsored by Magnesium Committtee of the Light Metals Division of The Minerals, Metals {\&} Materials Society (TMS) held during TMS 2016, 145th Annual Meeting {\&} Exhibition, February 14-18 Downtown Nashville, Tennessee, Music City Center},
 address = {Hoboken, NJ},
 publisher = {Wiley},
 isbn = {978-3-319-48620-8},
 editor = {Singh, Alok and Solanki, Kiran and Manuel, Michele V. and Neelameggham, Neale Ramaswami},
 doi = {10.1007/978-3-319-48114-2}
}


@incollection{Sinke.2007,
 abstract = {Composites forming technologies, (2007) 197-219. doi:10.1533/9781845692537.197},
 author = {Sinke, J.},
 title = {Forming technology for composite/metal hybrids},
 pages = {197--219},
 publisher = {Elsevier},
 isbn = {978-1-84569-033-5},
 editor = {Long},
 booktitle = {Composites Forming Technologies},
 year = {2007},
 doi = {10.1533/9781845692537.197},
 file = {Sinke 2007.pdf}
}


@article{Sinmazcelik.2011,
 abstract = {Materials and Design, 32 (2011) 3671-3685. doi:10.1016/j.matdes.2011.03.011},
 author = {Sinmaz{\c{c}}elik, Tamer and Avcu, Egemen and Bora, Mustafa {\"O}zg{\"u}r and {\c{C}}oban, Onur},
 year = {2011},
 title = {A review: Fibre metal laminates, background, bonding types and applied test methods},
 keywords = {B. Sandwich structures;C. Surface treatments;E. Mechanical},
 pages = {3671--3685},
 volume = {32},
 number = {7},
 issn = {02613069},
 journal = {Materials {\&} Design},
 doi = {10.1016/j.matdes.2011.03.011},
 file = {Sinmazcelik 2011.pdf}
}


@article{Staiger.2014,
 author = {Staiger, Elias and Hild, Martin and Hund, Rolf-Dieter and Cherif, Chokri and Br{\"a}unling, Sven and Hardtmann, Andr{\'e}},
 year = {2014},
 title = {Designing surfaces for optimum adhesion},
 pages = {32--35},
 volume = {11},
 number = {3},
 issn = {2192-2624},
 journal = {ADHESION ADHESIVES{\&}SEALANTS},
 doi = {10.1365/s35784-014-0309-3},
 file = {Staiger 2014.pdf}
}


@article{Steglich.2014,
 author = {Steglich, D. and Tian, X. and Bohlen, J. and Kuwabara, T.},
 year = {2014},
 title = {Mechanical Testing of Thin Sheet Magnesium Alloys in Biaxial Tension and Uniaxial Compression},
 pages = {1247--1258},
 volume = {54},
 number = {7},
 issn = {0014-4851},
 journal = {Experimental Mechanics},
 doi = {10.1007/s11340-014-9892-0},
 file = {63d736fa-e8fc-4986-a03e-e8921b6a6633:C\:\\Users\\Admin\\AppData\\Local\\Swiss Academic Software\\Citavi 6\\ProjectCache\\obmocy59qme109ki5zfreliez8m11nse0cr05ns\\Citavi Attachments\\63d736fa-e8fc-4986-a03e-e8921b6a6633.pdf:pdf}
}


@misc{Stutz.2015,
 abstract = {Die Anwendung von Magnesiumblechen im Ultraleichtbau der Transportindustrie verspricht ein hohes Potential zur weiteren Gewichts- und somit Emissionsreduzierung. Die eingeschr{\"a}nkte Kaltumformbarkeit von verf{\"u}gbaren Magnesiumblechen stellt ein Hindernis dar, welches durch legierungstechnische Ma{\ss}nahmen {\"u}berwunden werden kann. Die kristallographische Textur ist in vorangegangenen Arbeiten als ma{\ss}geblicher Einflussfaktor auf das Umformverm{\"o}gens von Magnesiumblechen identifiziert worden. Die Zulegierung von Seltenen Erdelementen kann zur Ausbildung sich grunds{\"a}tzlich von typischen scharfen Basaltexturen unterscheidenden Texturen f{\"u}hren.

In dieser Arbeit werden Magnesiumfeinbleche hinsichtlich ihres Verformungsverhaltens und Umformverm{\"o}gens untersucht. Die Bleche sind von Industriepartnern im Rahmen eines vom Bundesministerium f{\"u}r Bildung und Forschung gef{\"o}rderten Projektes einerseits aus Brammen und andererseits aus {\"u}ber einen Gie{\ss}walzprozess hergestelltem D{\"u}nnband warmgewalzt worden. Bleche der Vergleichslegierung AZ31 sowie Bleche der Legierung ZE10 mit einem geringen Gehalt an Seltenen Erdelementen werden in ein- und mehrachsigen Blechumformpr{\"u}fverfahren charakterisiert. Aus Dehnfeldmessungen gewonnene Grenzform{\"a}nderungsschaubilder der Bleche bei Umformtemperaturen von Raumtemperatur bis 250 °C bilden die Grundlage der Diskussion des Umformverhaltens.

Besonderes Augenmerk wird auf den Einfluss der kristallographischen Textur auf die Umformbarkeit, die Gef{\"u}geentwicklung sowie die ebene und senkrechte Anisotropie gelegt. Ergebnisse aus der R{\"o}ntgendiffraktometrie, der Lichtmikroskopie sowie der R{\"u}ckstreuelektronenbeugung werden zur Studie der Verformung und der Rekristallisation der Blechwerkstoffe herangezogen. Es zeigt sich, dass aus Bramme gewalzte Bleche der Legierung ZE10 aufgrund ihrer abgeschw{\"a}chten kristallographischen Textur eine deutlich erh{\"o}hte Umformbarkeit gegen{\"u}ber Blechen der Vergleichslegierung AZ31 aufweisen.

The application of magnesium alloy sheet for ultra-light weight designs in the transportation industry promises a high potential for weight saving and hence, reduction of emissions. The limited cold formability of available magnesium alloy sheet is an obstacle to be overcome by alloy development. In former works, the crystallographic texture was identified as major factor for the formability of magnesium alloy sheets. Addition of rare earth elements can result in the formation of texture types unlike the typical, sharp basal texture.

In this thesis, the deformation behaviour and formability of magnesium alloy sheet is investigated. Industrial partners have supplied the sheets in the framework of a project, funded by the Federal Ministry of Education and Research. On the one hand, the sheets were conventionally hot rolled from a slab and on the other hand, twin roll cast strip was used for hot rolling. Sheets of the benchmark alloy AZ31 and sheets of the alloy ZE10, containing rare earth elements, are characterised in uniaxial and multiaxial sheet metal testing. Strain field measurements yield forming limit diagrams at deformation temperatures up to 250 °C for discussing the deformation behaviour.

Special focus lies on the influence of the crystallographic texture on the formability, the microstructural evolution and the planar as well as perpendicular anisotropy. Results from x-ray diffraction, optical microscopy and electron backscatter diffraction are used to investigate the deformation behaviour and the recrystallization. It is shown that the conventionally rolled sheet of the alloy ZE10 possesses a superior formability compared to the sheets of the benchmark alloy AZ31 due to its weakened crystallographic texture.},
 author = {Stutz, Lennart},
 date = {2015},
 title = {Das Umformverhalten von Magnesiumblechen der Legierungen AZ31 und ZE10},
 publisher = {{Technische Universit{\"a}t Berlin}},
 doi = {10.14279/DEPOSITONCE-4794}
}


@article{Styczynski.2004,
 abstract = {Samples of the magnesium alloy AZ31 (3 wt{\%} Al, 1 wt{\%} Zn, balance Mg) with two microstructures, recrystallized and squeeze cast, were rolled at room temperature. The initial texture and the final cold rolling texture were investigated by X-ray diffraction. The cold rolling texture of both examined initial microstructures consists of two fibres, representing the familiar double peak in the basal pole tilted $\pm$15° from the normal direction to the rolling direction. A systematic texture modelling was performed using a viscoplastic Taylor model, based on different combinations of four slip modes and one twinning mode. The best agreement with experiment can be achieved for a combination of 〈a〉-basal, 〈a〉-prismatic, 〈c+a〉-pyramidal slip systems together with the {011̄2}〈011̄1̄〉{\textless}math{\textgreater}{\textless}mtext{\textgreater}{0</mtext><mspace sp={\textquotedbl}0.12{\textquotedbl} width={\textquotedbl}2px{\textquotedbl} linebreak={\textquotedbl}nobreak{\textquotedbl} is={\textquotedbl}true{\textquotedbl}{\textgreater}{\textless}/mspace{\textgreater}{\textless}mtext{\textgreater}1{\textless}/mtext{\textgreater}{\textless}mspace sp={\textquotedbl}0.12{\textquotedbl} width={\textquotedbl}2px{\textquotedbl} linebreak={\textquotedbl}nobreak{\textquotedbl} is={\textquotedbl}true{\textquotedbl}{\textgreater}{\textless}/mspace{\textgreater}{\textless}mtext{\textgreater}1{\textless}/mtext{\textgreater}{\textless}mtext{\textgreater}̄{\textless}/mtext{\textgreater}{\textless}mspace sp={\textquotedbl}0.12{\textquotedbl} width={\textquotedbl}2px{\textquotedbl} linebreak={\textquotedbl}nobreak{\textquotedbl} is={\textquotedbl}true{\textquotedbl}{\textgreater}{\textless}/mspace{\textgreater}{\textless}mtext{\textgreater}2}〈0{\textless}/mtext{\textgreater}{\textless}mspace sp={\textquotedbl}0.12{\textquotedbl} width={\textquotedbl}2px{\textquotedbl} linebreak={\textquotedbl}nobreak{\textquotedbl} is={\textquotedbl}true{\textquotedbl}{\textgreater}{\textless}/mspace{\textgreater}{\textless}mtext{\textgreater}1{\textless}/mtext{\textgreater}{\textless}mspace sp={\textquotedbl}0.12{\textquotedbl} width={\textquotedbl}2px{\textquotedbl} linebreak={\textquotedbl}nobreak{\textquotedbl} is={\textquotedbl}true{\textquotedbl}{\textgreater}{\textless}/mspace{\textgreater}{\textless}mtext{\textgreater}1{\textless}/mtext{\textgreater}{\textless}mtext{\textgreater}̄{\textless}/mtext{\textgreater}{\textless}mspace sp={\textquotedbl}0.12{\textquotedbl} width={\textquotedbl}2px{\textquotedbl} linebreak={\textquotedbl}nobreak{\textquotedbl} is={\textquotedbl}true{\textquotedbl}{\textgreater}{\textless}/mspace{\textgreater}{\textless}mtext{\textgreater}1{\textless}/mtext{\textgreater}{\textless}mtext{\textgreater}̄{\textless}/mtext{\textgreater}{\textless}mtext{\textgreater}〉{\textless}/mtext{\textgreater}{\textless}/math{\textgreater} twinning system.},
 author = {Styczynski, A. and Hartig, Ch. and Bohlen, J. and Letzig, D.},
 year = {2004},
 title = {Cold rolling textures in AZ31 wrought magnesium alloy},
 url = {https://www.sciencedirect.com/science/article/pii/S1359646204000284},
 pages = {943--947},
 volume = {50},
 number = {7},
 issn = {1359-6462},
 journal = {Scripta Materialia},
 doi = {10.1016/j.scriptamat.2004.01.010}
}


@book{Suchentrunk.2007,
 abstract = {Im Rahmen dieses Buches werden die unterschiedlichen Kunststoffe, die Verfahren zu ihrer Beschichtung und auch die notwendige Anlagentechnik behandelt. Zahlreiche aktuelle Anwendungen aus verschiedenen Industriebereichen demonstrieren das breite Einsatzpotenzial metallisierter Kunststoffe. Damit stellt dieses Werk eine umfassende {\"U}bersicht des aktuellen Stands der Technik auf dem gesamten Gebiet der Kunststoff-Metallisierung dar. Dieses Buch beinhaltet auch f{\"u}r den wissenschaftlich orientierten Leser eine wahre Fundgrube, es ist aber ein {\textquotedbl}Muss{\textquotedbl} f{\"u}r den Praktiker, da es ein unentbehrliches Nachschlagewerk f{\"u}r die t{\"a}gliche Arbeit ist. Hauptkapitel: Die Bedeutung der Kunststoff-Metallisierung und die Folgen Grundlagen der Kunststoff-Metallhaftung Verfahrenstechnik der Kunststoffmetallisierung Metallisierung von Kunststoffen Qualit{\"a}tssicherung bei der Metallisierung von Kunststoffen Anlagen zur Kunststoffmetallisierung Umwelttechnologie Fachausdr{\"u}cke Kunststoff- und Oberfl{\"a}chentechnik},
 author = {Suchentrunk, Richard},
 year = {2007},
 title = {Kunststoff-Metallisierung},
 url = {http://www.hanser-elibrary.com/isbn/9783874802253},
 price = {EUR 97.00},
 address = {Bad Saulgau},
 edition = {Dritte Auflage},
 volume = {37},
 publisher = {Leuze},
 isbn = {9783874803175},
 series = {Schriftenreihe Galvanotechnik und Oberfl{\"a}chenbehandlung},
 doi = {10.12850/9783874803175}
}


@incollection{Surowska.2017,
 abstract = {Hybrid Polymer Composite Materials: Structure and Chemistry, (2017) 193-234. doi:10.1016/B978-0-08-100791-4.00008-2},
 author = {Surowska, Barbara and Jakubczak, Patryk and Bienia{\'s}, Jaros{\l}aw},
 title = {Structure and chemistry of fiber metal laminates},
 keywords = {Adhesion;CFRP;Fiber metals laminate;GFRP;metal{\^a}{\text\euro}{\grqq}composite interface;oxide interlayer;Prepreg;Surface treatment},
 pages = {193--234},
 publisher = {Elsevier},
 isbn = {9780081007914},
 booktitle = {Hybrid Polymer Composite Materials},
 year = {2017},
 doi = {10.1016/B978-0-08-100791-4.00008-2},
 file = {3-s2.0-B9780081007914000082-main.pdf}
}


@article{swiss-c,
 author = {{swiss-composite info}},
 title = {Faserverbund-Werkstoffdaten: Eine Sammlung der wichtigsten Werkstoffdaten f{\"u}r den Anwender von Faserverbund-Materialien sowie allgemeine Daten und Tabellen.},
 url = {https://www.swiss-composite.ch/pdf/i-Werkstoffdaten.pdf},
 file = {i-Werkstoffdaten.pdf}
}


@article{T.R.M.Contreiras.,
 author = {{T.R.M. Contreiras} and {J.P.M. Pragana} and {I.M.F. Bragan{\c{c}}a} and {C.M.A. Silva} and {L.M. Alves} and {P.A.F. Martins}},
 title = {Joining by forming of lightweight sandwich composite panels},
 keywords = {Experimentation;Finite element method;Joining by forming;Lightweight panels;Sandwich composites},
 file = {Contreiras 2019.pdf}
}


@article{Thije.2011,
 abstract = {Composites Part A, 42 (2011) 950-960. doi:10.1016/j.compositesa.2011.03.023},
 author = {ten Thije, R.H.W. and Akkerman, R. and Ubbink, M. and {van der Meer}, L.},
 year = {2011},
 title = {A lubrication approach to friction in thermoplastic composites forming processes},
 keywords = {A. Fabrics/textiles;A. Polymer--matrix composites (PMCs);B. Friction;C. Computational modelling},
 pages = {950--960},
 volume = {42},
 number = {8},
 issn = {1359835X},
 journal = {Composites Part A: Applied Science and Manufacturing},
 doi = {10.1016/j.compositesa.2011.03.023},
 file = {ten Thije 2011.pdf}
}


@article{Tripathi.2017,
 author = {Tripathi, Abhishek and Murty, S.V.S. Narayana and Narayanan, P. Ramesh},
 year = {2017},
 title = {Microstructure and texture evolution in AZ31 magnesium alloy during caliber rolling at different temperatures},
 pages = {340--347},
 volume = {5},
 number = {3},
 issn = {22139567},
 journal = {Journal of Magnesium and Alloys},
 doi = {10.1016/j.jma.2017.07.001}
}


@article{Ulacia.2011,
 abstract = {Magnesium alloys are an ideal candidate due to their low density in comparison to aluminum and steel alloys when designing a vehicle with lower weight and therefore, reduced fuel consumption. It is important to characterize the strain rate sensitivity of any material that will be used in a structure which can undergo high rate deformation (as in an automobile crash) as well as during high velocity forming processes such as electromagnetic or electrohydraulic forming. Tensile tests for AZ31B magnesium alloy sheet at different strain rates were carried out using different testing techniques: (i) quasi-static strain rates tests were conducted in a range between 10$-$3 and 10$-$1~s$-$1 using a conventional electro-mechanical tensile testing apparatus; (ii) intermediate strain rates tests at 4.0~$\times$~101 to 102~s$-$1 using an instrumented falling weight apparatus; and (iii) high strain rates at 0.5~$\times$~103 to 1.5~$\times$~103~s$-$1 using a tensile split Hopkinson bar. Furthermore, quasi-static and high strain rate tests were also performed for different temperatures, from room temperature up to 250~°C. Strain rate and temperature effects are also discussed for rolling and transverse direction, to identify the variation of sheet properties with loading direction. Finally, the constitutive fitting of the stress--strain curves to the widely employed Johnson--Cook material model equation is evaluated and also a new model is proposed based on a modified J--C model to account for the variation of strain hardening with strain rate.},
 author = {Ulacia, I. and Salisbury, C. P. and Hurtado, I. and Worswick, M. J.},
 year = {2011},
 title = {Tensile characterization and constitutive modeling of AZ31B magnesium alloy sheet over wide range of strain rates and temperatures},
 url = {https://www.sciencedirect.com/science/article/pii/S0924013610002852},
 pages = {830--839},
 volume = {211},
 number = {5},
 issn = {09240136},
 journal = {Journal of Materials Processing Technology},
 doi = {10.1016/j.jmatprotec.2010.09.010}
}


@book{Ullmann.2014,
 author = {Ullmann, Madlen},
 year = {2014},
 title = {Rekristallisationsverhalten von gegl{\"u}htem AZ31-Gie{\ss}walzband beim Warmwalzen: Zugl.: Freiberg, TU Bergakademie, Diss., 2014},
 price = {EUR 34.00 (DE)},
 address = {Freiberg},
 edition = {1. Aufl.},
 volume = {358},
 publisher = {{TU Bergakademie}},
 isbn = {9783860124802},
 series = {Freiberger Forschungshefte B, Werkstofftechnologie},
 file = {http://www.gbv.de/dms/tib-ub-hannover/780637917.pdf}
}


@article{Ullmann.2019,
 author = {Ullmann, M. and Kittner, K. and Henseler, T. and St{\"o}cker, A. and Prahl, U. and Kawalla, R.},
 year = {2019},
 title = {Development of new alloy systems and innovative processing technologies for the production of magnesium flat products with excellent property profile},
 keywords = {magnesium;processing;sheet metal},
 pages = {203--208},
 volume = {27},
 issn = {23519789},
 journal = {Procedia Manufacturing},
 doi = {10.1016/j.promfg.2018.12.065},
 file = {Ullmann, Kittner 2019.pdf}
}


@article{Uriya.2014,
 abstract = {Procedia Engineering, 81 (2014) 1633-1638. doi:10.1016/j.proeng.2014.10.203},
 author = {Uriya, Yu and Ikeuch, Katsuyoshi and Yanagimoto, Jun},
 year = {2014},
 title = {Cold and Warm V-bending Test for Carbon-fiber-reinforced Plastic Sheet},
 pages = {1633--1638},
 volume = {81},
 issn = {18777058},
 journal = {Procedia Engineering},
 doi = {10.1016/j.proeng.2014.10.203},
 file = {Uriya 2014.pdf}
}


@book{Vlot.2001,
 abstract = {Title Page -- Copyright -- Table of Contents -- Table of Contents -- Authors and Affiliations},
 author = {Vlot, Ad and Gunnink, Jan Willem},
 year = {2001},
 title = {Fibre Metal Laminates: An Introduction},
 address = {Dordrecht},
 publisher = {{Springer Netherlands}},
 isbn = {9789401009959},
 file = {http://www.worldcat.org/oclc/1050943213}
}


@patent{Vogelesang.1989,
 author = {Vogelesang, L and Smulders, F and Chen, D},
 year = {1989},
 title = {Process for manufacturing a laminate of metal sheets and filaments-reiforced synthetic layers},
 url = {https://depatisnet.dpma.de/DepatisNet/depatisnet?action=bibdat&docid=EP000000323660A1},
 number = {0323660},
 file = {EP000000323660A1_all_pages.pdf}
}


@article{Vogelesang.2000,
 author = {Vogelesang, L.B and Vlot, A.},
 year = {2000},
 title = {Development of fibre metal laminates for advanced aerospace structures},
 pages = {1--5},
 volume = {103},
 number = {1},
 issn = {09240136},
 journal = {Journal of Materials Processing Technology},
 doi = {10.1016/S0924-0136(00)00411-8},
 file = {Vogelesang 2000.pdf}
}


@phdthesis{Weiss.2002,
 author = {Weiss, C.},
 year = {2002},
 title = {Metallisierung von Folien auf der Basis von Polyetheretherketon (PEEK) f{\"u}r flexible Schaltungstr{\"a}ger},
 address = {Erlangen-N{\"u}rnberg},
 school = {{Universit{\"a}t Erlangen-N{\"u}rnberg}},
 type = {Dissertation}
}


@article{Wijskamp.2005,
 author = {{Wijskamp, Lamers, Akkerman}},
 year = {2005},
 title = {Springforward in plate elements},
 url = {https://research.utwente.nl/files/5389905/Wijskamp05spring.pdf},
 file = {Wijskamp 2005.pdf}
}


@article{Wollmann.2018,
 abstract = {Archives of Civil and Mechanical Engineering , 18 (2018) 442-450. doi:10.1016/j.acme.2017.09.001},
 author = {Wollmann, Tino and Hahn, Marlon and Wiedemann, Sebastian and Zeiser, Andreas and Jaschinski, J{\"o}rn and Modler, Niels and {Ben Khalifa}, Nooman and Mei{\ss}en, Frank and Paul, Christian},
 year = {2018},
 title = {Thermoplastic fibre metal laminates: Stiffness properties and forming behaviour by means of deep drawing},
 keywords = {Fibre Metal Laminates;Forming of multi-materials;Hybrid components;Lightweight engineering;Sandwich material},
 pages = {442--450},
 volume = {18},
 number = {2},
 issn = {16449665},
 journal = {Archives of Civil and Mechanical Engineering},
 doi = {10.1016/j.acme.2017.09.001},
 file = {wollmann2018.pdf}
}


@article{Wu.2016,
 abstract = {Applied Surface Science, 389 (2016) 80-87. doi:10.1016/j.apsusc.2016.07.060},
 author = {Wu, Yunfeng and Wang, Yaming and Liu, Hao and Liu, Yan and Guo, Lixin and Jia, Dechang and Ouyang, Jiahu and Zhou, Yu},
 year = {2016},
 title = {The fabrication and hydrophobic property of micro-nano patterned surface on magnesium alloy using combined sparking sculpture and etching route},
 keywords = {Chemical etching;Hydrophobicity;magnesium;Microarc oxidation},
 pages = {80--87},
 volume = {389},
 issn = {01694332},
 journal = {Applied Surface Science},
 doi = {10.1016/j.apsusc.2016.07.060},
 file = {wu2016.pdf}
}


@article{Xie.2015,
 author = {Xie, Zhi-Hui and Chen, Fang and Xiang, Shu-Rong and Zhou, Jun-Li and Song, Zheng-Wei and Yu, Gang},
 year = {2015},
 title = {Studies of Several Pickling and Activation Processes for Electroless Ni-P Plating on AZ31 Magnesium Alloy},
 pages = {D115-D123},
 volume = {162},
 number = {3},
 issn = {0013-4651},
 journal = {Journal of The Electrochemical Society},
 doi = {10.1149/2.0601503jes},
 file = {Xie_2015_J._Electrochem._Soc._162_D115.pdf}
}


@article{Yang.2012,
 abstract = {Chemical Engineering {\&} Processing: Process Intensification, 51 (2011) 53-68. 10.1016/j.cep.2011.09.007},
 author = {Yang, Yongxiang and Boom, Rob and Irion, Brijan and {van Heerden}, Derk-Jan and Kuiper, Pieter and de Wit, Hans},
 year = {2012},
 title = {Recycling of composite materials},
 keywords = {Aircraft;Automobile;Composite materials;End-of-life products;Recycling;Wind turbines},
 pages = {53--68},
 volume = {51},
 issn = {02552701},
 journal = {Chemical Engineering and Processing: Process Intensification},
 doi = {10.1016/j.cep.2011.09.007},
 file = {Yongxiang 2012.pdf}
}


@incollection{Yi.2016,
 author = {Yi, Sangbong and Park, Jun Ho and Letzig, Dietmar and Kwon, Oh Duck and Kainer, Karl Ulrich and Kim, Jae Joong},
 title = {Microstructure and Mechanical Properties of Ca Containing AZX310 Alloy Sheets Produced via Twin Roll Casting Technology},
 pages = {383--387},
 publisher = {Wiley},
 isbn = {978-3-319-48620-8},
 editor = {Singh, Alok and Solanki, Kiran and Manuel, Michele V. and Neelameggham, Neale Ramaswami},
 booktitle = {Magnesium technology 2016},
 year = {2016},
 address = {Hoboken, NJ},
 doi = {10.1007/978-3-319-48114-2{\textunderscore }73},
 file = {bcd0fe87-647b-462c-ae22-2c55b4f41932:C\:\\Users\\Admin\\AppData\\Local\\Swiss Academic Software\\Citavi 6\\ProjectCache\\obmocy59qme109ki5zfreliez8m11nse0cr05ns\\Citavi Attachments\\bcd0fe87-647b-462c-ae22-2c55b4f41932.pdf:pdf}
}


@article{You.2017,
 author = {You, Sihang and Huang, Yuanding and Kainer, Karl Ulrich and Hort, Norbert},
 year = {2017},
 title = {Recent research and developments on wrought magnesium alloys},
 pages = {239--253},
 volume = {5},
 number = {3},
 issn = {22139567},
 journal = {Journal of Magnesium and Alloys},
 doi = {10.1016/j.jma.2017.09.001}
}


@article{Yukutake.2003,
 author = {Yukutake, Eitaro and Kaneko, Junichi and Sugamata, Makoto},
 year = {2003},
 title = {Anisotropy and Non-Uniformity in Plastic Behavior of AZ31 Magnesium Alloy Plates},
 pages = {452--457},
 volume = {44},
 number = {4},
 issn = {1345-9678},
 journal = {MATERIALS TRANSACTIONS},
 doi = {10.2320/matertrans.44.452},
 file = {ad3cf71f-1490-40f6-ad63-62f9fcfa0b74:C\:\\Users\\Admin\\AppData\\Local\\Swiss Academic Software\\Citavi 6\\ProjectCache\\obmocy59qme109ki5zfreliez8m11nse0cr05ns\\Citavi Attachments\\ad3cf71f-1490-40f6-ad63-62f9fcfa0b74.pdf:pdf}
}


@article{Zhang.2008,
 author = {Zhang, R. F. and Shan, D. Y. and Chen, R. S. and Han, E. H.},
 year = {2008},
 title = {Effects of electric parameters on properties of anodic coatings formed on magnesium alloys},
 pages = {356--363},
 volume = {107},
 number = {2-3},
 issn = {02540584},
 journal = {Materials Chemistry and Physics},
 doi = {10.1016/j.matchemphys.2007.07.027},
 file = {zhang2008.pdf}
}


@article{Zhou.2018,
 abstract = {Materials Research Express, 5(2018) 046523. doi:10.1088/2053-1591/aabbeb},
 author = {Zhou, Pengpeng and Wu, Xuan and Pan, Yingcai and Tao, Ye and Wu, Guoqing and Huang, Zheng},
 year = {2018},
 title = {Mechanical properties of carbon fibre-reinforced polymer/magnesium alloy hybrid laminates},
 keywords = {carbon fiber reinforced polymer;Fiber metal laminates;impact damage;Magnesium alloys;Tensile behavior},
 pages = {046523},
 volume = {5},
 number = {4},
 journal = {Materials Research Express},
 doi = {10.1088/2053-1591/aabbeb},
 file = {Zhou_2018_Mater._Res._Express_5_046523.pdf}
}


@article{Zhou.2021,
 abstract = {Materials {\&} Design, 197 (2021) 109251. doi:10.1016/j.matdes.2020.109251},
 author = {Zhou, Xia and Zhao, Yuting and Chen, Xingchi and Liu, Zifan and Li, Junlei and Fan, Yafu},
 year = {2021},
 title = {Fabrication and mechanical properties of novel CFRP/Mg alloy hybrid laminates with enhanced interface adhesion},
 keywords = {Adhesive bonding;Fiber metal laminates;Interlaminar properties;Magnesium alloys;Tensile behavior},
 pages = {109251},
 volume = {197},
 issn = {02613069},
 journal = {Materials {\&} Design},
 doi = {10.1016/j.matdes.2020.109251},
 file = {1-s2.0-S0264127520307863-main.pdf}
}


@article{Zinnecker.2019,
 author = {Zinnecker, Victoria and Stokes-Griffin, Christopher and Madden, Steve and Rode, Andrei and Compston, Paul},
 year = {2019},
 title = {Investigation of the effects of femtosecond laser metal surface texturing on bonding of PA 6 to steel},
 keywords = {interfacial bond strength;laser texturing;metal-composite hybrid;optical properties;thermoplastic composite},
 pages = {313--320},
 volume = {29},
 issn = {23519789},
 journal = {Procedia Manufacturing},
 doi = {10.1016/j.promfg.2019.02.143},
 file = {Zinnecker 2019.pdf}
}


@article{Zucchi.2006,
 author = {Zucchi, F. and Grassi, V. and Frignani, A. and Monticelli, C. and Trabanelli, G.},
 year = {2006},
 title = {Influence of a silane treatment on the corrosion resistance of a WE43 magnesium alloy},
 pages = {4136--4143},
 volume = {200},
 number = {12-13},
 issn = {02578972},
 journal = {Surface and Coatings Technology},
 doi = {10.1016/j.surfcoat.2005.02.073},
 file = {zucchi2006.pdf}
}


